2925 4684
251 247 351 327 1288
578 234 722 319 mnne
745 262 977 319 «ruamus.

246 453 309 510 τος
323 444 325 449 ’
340 417 433 521 κόρη
465 430 504 494 et
538 420 731 522 ἅφραῡτος
764 416 957 515 (Hesych.)
982 416 1090 497 'diota
1122 431 1209 495 est-¹
1249 421 1327 499 Illa:

244 563 336 619 vero
369 537 587 615 cabirorum
611 533 800 631 nomina‚“
820 561 915 637 quae
939 532 1112 617 Mnaseas
1136 537 1326 638 prodidit,·
1429 548 1433 587 ³

245 674 370 762 utrum
404 661 451 736 in‘
470 661 657 753 mysteriis
682 658 821 734 tradita
845 670 883 731 et
907 678 1055 758 semper
1080 659 1317 735 eademiue-

243 784 338 875 rint,
372 802 420 855 an
453 798 556 885 casu-
575 788 640 853 aut
671 778 905 854 sacerdotum
930 778 1094 855 arbitriis
1120 780 1196 854 alio
1215 784 1317 854 tem-

242 924 338 1001 pore
360 901 436 975 alia
459 899 661 989 valuerint,
686 899 930 995 injudicatum
954 901 1206 997 relinquimus.
1241 900 1319 974 Sed
1438 954 1439 959 ,

242 1020 338 1095 illud
365 1022 429 1097 vix
443 1016 616 1097 ¹dubitari
640 1030 784 1118 potest,
810 1021 899 1116 quin
924 1019 1133 1094 sacerdotes
1159 1020 1316 1094 deorum

241 1162 460 1237 magnorum
485 1138 615 1213 laudes
641 1140 850 1229 cecinerint,
875 1142 956 1215 vim
982 1153 1020 1214 et
1039 1140 1314 1238 providentiam

241 1260 561 1361 praedicaverim
591 1258 632 1332 id
673 1261 773 1335 enim
811 1271 891 1332 tum
926 1262 1090 1335 omnium
1126 1282 1315 1335 sacrorum

241 1390 499 1476 argumentum
534 1401 728 1453 commune
763 1391 820 1455 est
845 1392 924 1452 tum
949 1382 1114 1454 maxime
1140 1381 1315 1457 solemni-

240 1501 466 1577 hoscorum
490 1503 686 1581 numinum
711 1500 903 1591 convenit,
929 1520 1024 1597 quae
1049 1501 1207 1575 cultores
1226 1522 1312 1575 suos
1385 1490 1387 1495 ’

242 1647 264 1695 e
288 1623 463 1697 maximis
489 1623 663 1720 periculis
676 1622 832 1718 eripere
858 1618 1113 1711 crederentur,
1139 1642 1311 1720 quorum-

161 1838 163 1841 Υ
241 1765 329 1841 que·
345 1744 514 1841 potentia
545 1753 601 1817 tot
626 1741 764 1817 tabulis
788 1742 917 1840 pictis,
953 1751 1012 1814 tot
1035 1734 1173 1840 amplis
1198 1740 1310 1814 duna·
1342 1738 1345 1742 ⁴
1438 1832 1439 1839 ἵ

237 1864 325 1953 riis,
350 1874 408 1935 tot
431 1862 553 1941 saurae
578 1863 766 1937 miraculis
791 1870 928 1937 testata
953 1872 1060 1935 esset.
1098 1862 1236 1958 quue
1252 1884 1304 1933 re·
1438 1866 1439 1907 ἰ

240 1982 330 2065 ferri
361 1993 523 2078 possunt·
552 1982 685 2063 Galerii
717 1979 850 2070 verbe,
876 2003 971 2077 quae
996 1980 1244 2080 supra-retuli
1266 1979 1305 2051 L.
1437 1974 1439 2065 ξ

238 2102 267 2173 L
293 2124 330 2199 p.
356 2101 417 2174 63.
452 2123 497 2172 ea
527 2121 622 2198 quae
654 2102 694 2183 in
725 2101 840 2173 sacris
866 2100 1132 2207 Samotlrraciis
1158 2109 1305 2196 agantur

238 2231 279 2293 Bt
313 2217 484 2301 dieantur
508 2264 559 2276 -
584 2220 633 2298 τὰ
656 2217 836 2321 δρώμενα
859 2222 925 2299 καὶ
949 2220 1130 2326 λεγόμενα
1154 2265 1206 2276 -
1228 2228 1300 2289 tum

238 2347 379 2413 attente
403 2363 427 2412 a
451 2338 705 2438 praesentibus
731 2339 923 2417 observari
945 2351 1026 2417 tum
1051 2339 1101 2414 ad
1114 2359 1300 2435 agnoscere
1438 2374 1439 2381 κ

239 2458 327 2543 dam
354 2458 474 2535 divini
499 2462 661 2536 numinis
685 2460 961 2558 providentiam
985 2461 1154 2534 nonnihil
1173 2458 1327 2534 valere
1438 2450 1439 2467 ¹

236 2578 315 2653 Sed
354 2601 570 2678 quocunque
610 2578 759 2654 demum
799 2580 915 2657 morlo
955 2581 1051 2654 illud
1093 2578 1307 2674 ambignum

156 2775 159 2782 ,
236 2683 394 2773 nomen
414 2699 461 2776 τὰ
502 2697 681 2802 λεγόμενα
719 2702 937 2800 accipietur,
972 2701 1044 2774 hoc
1077 2711 1173 2774 certe
1205 2699 1307 2783 nullo

236 2829 347 2921 pacto
373 2815 506 2917 efficiet
531 2829 573 2915 ut
597 2817 882 2917 Hierophantas
898 2818 945 2895 de
964 2843 1086 2894 rerum
1103 2820 1308 2917 principiis,

236 2938 285 3013 de
305 2937 443 3012 'natura
468 2935 542 3045 dei,
568 2936 619 3010 de
641 2939 925 3035 immortalitate
951 2942 1161 3013 animorum
1187 2952 1226 3028 et
1251 2962 1307 3012 ce-

235 3042 325 3132 teris
345 3057 471 3147 rebus,
486 3034 590 3155 'quas
615 3043 806 3133 doetrinae
832 3051 1011 3156 mysticae
1026 3045 1194 3134 cantores
1209 3081 1307 3132 com·

235 3179 492 3267 miniseuntur,
518 3168 736 3252 disseruisse
760 3190 944 3278 putemus.
981 3174 1183 3274 Quid‘jam
1209 3199 1307 3255 com-

233 3317 440 3369 memorem
465 3318 576 3393 quam
601 3299 734 3373 inutile
759 3302 808 3373 sit
827 3299 875 3373 ad
895 3301 984 3373 haee
1003 3297 1199 3397 probanda
1212 3298 1307 3370 Dio-

235 3415 318 3488 dori
334 3417 614 3507 testimonium,
640 3417 741 3514 quod
767 3421 870 3516 prius
896 3421 1055 3516 apposui
1078 3442 1117 3515 p.
1142 3418 1205 3491 46.
1239 3416 1307 3489 Sa-

140 3578 142 3583 *
188 3540 206 3597 ff
233 3531 438 3611 mothracia
461 3558 595 3609 areana
619 3539 682 3633 qui
707 3540 941 3636 participent,
961 3540 1138 3633 justiores
1151 3538 1243 3610 lieri
1268 3548 1307 3609 et

234 3656 283 3730 arl
309 3677 456 3755 omnem
481 3657 790 3757 uitae‘rationem
815 3659 987 3759 meliores
1013 3660 1305 3754 religionumque

235 3776 542 3877 observantiores.
576 3763 637 3852 'lu
663 3778 762 3852 enim
788 3778 836 3852 de
862 3779 1033 3855 omnihus
1058 3780 1172 3854 sacris
1196 3797 1303 3876 prae·
1334 3868 1335 3871 Ν

41 3991 44 3995 ἢ
92 3964 95 3969 r
199 3901 200 3904 ’
234 3895 349 3968 dicari
373 3907 515 3992 potest,
541 3920 635 3996 quae
659 3897 853 3979 hominum
879 3921 1008 3974 sensns
1034 3900 1183 3994 gravim
1205 3918 1304 3970 eom-

95 4030 98 4035 ·
233 4024 387 4129 movent
407 4020 517 4115 atque
537 4018 637 4094 haud
659 4019 736 4093 scio
759 4042 807 4095 on
832 4019 973 4093 nullum
1000 4032 1076 4094 tam
1102 4017 1302 4107 tudetem
