2925 4684
267 240 343 314 ool
586 215 737 310 *urana
761 251 1022 308 asenneus.

121 441 134 465 ·
267 419 326 504 re;
351 432 438 485 mox
463 407 596 482 eodem
622 406 736 481 modo
763 405 812 480 de
827 406 911 481 diis
937 409 1142 505 maioribus
1158 407 1344 507 disputmi

268 544 461 630 coeptum,
493 539 584 625 quot
607 525 753 617 loves,
787 525 1000 625 Apollines,
1039 529 1234 607 Minervae
1264 530 1345 603 fue-

268 657 360 743 rint3
393 650 499 745 cujus
531 647 796 745 disputationis
829 659 999 724 auctores
1031 646 1159 723 Cicero
1192 648 1342 723 [1121.

270 769 537 864 'theologos
577 770 810 857 nominat,
851 765 1041 843 Amohius
1082 769 1342 869 'theologos
1376 859 1380 870 .

270 903 315 966 et
340 887 653 963 absconditae
678 889 941 962 vetustatis
974 883 1250 965 conditores
1279 890 1340 963 IV.

274 1011 332 1085 14.
352 1030 444 1107 -quo
469 1009 629 1082 'nomine
661 988 783 1102 Zoega
814 1007 987 1080 Bassirel.
1025 1009 1067 1081 Τ.
1099 1010 1144 1081 Π.
1181 1034 1218 1108 p.
1246 1011 1339 1087 ‘loa

268 1128 539 1205 Alexandrinos
579 1128 776 1226 sophistas
815 1128 1013 1222 significari
1051 1139 1180 1226 putat3
1223 1152 1342 1229 neque

270 1249 475 1326 admodum
513 1250 682 1345 antiquos
721 1268 804 1319 esse
843 1246 1006 1321 ostendit
1041 1247 1236 1322 Anterotis
1263 1271 1341 1321 no-

270 1396 374 1461 men;
412 1366 540 1443 Cicero
572 1370 654 1465 ipse
686 1366 749 1439 ΠΙ.
785 1367 858 1440 lu·
876 1369 968 1443 haec
1000 1367 1047 1441 ab
1079 1370 1127 1441 iis
1152 1368 1263 1441 tradi
1276 1372 1341 1458 ait,

271 1494 349 1592 qni
379 1492 634 1563 interiores
666 1493 942 1562 scrutantur
975 1500 1020 1561 ct
1054 1488 1341 1561 reconditio·

271 1623 344 1685 res
368 1610 559 1698 literas,
584 1606 684 1682 unde
708 1606 1013 1703 Augmtinusde
1040 1605 1121 1684 (Σίν.
1140 1608 1258 1683 XVII.
1282 1608 1340 1681 12.

270 1754 366 1832 quae
398 1729 446 1804 de
477 1729 603 1804 Liberi
635 1728 888 1809 morte-affert
912 1731 1176 1804 secretiora
1200 1729 1340 1802 histo-

270 1854 342 1925 ria
368 1849 604 1925 contineri
636 1849 701 1920 ait,
761 1848 915 1924 Servius
940 1847 991 1923 ad
1015 1848 1107 1923 Aen.
1133 1846 1229 1919 vul.
1257 1846 1341 1920 loo.

270 1993 384 2069 quum
408 1979 594 2042 narrasset
619 1964 758 2042 Cacum
783 1968 985 2043 secundum
1016 1953 1163 2043 fabulas
1187 1965 1343 2040 Vulcani

139 2142 142 2146 -
271 2091 389 2184 filium
404 2088 603 2187 perhiberi,
621 2087 811 2186 postremo
825 2088 950 2162 addit:
976 2087 1167 2161 Veritas
1192 2099 1341 2160 autem

272 2209 527 2285 secundum
567 2209 838 2308 philologos
878 2221 922 2282 et
961 2209 1223 2282 historicos
1257 2206 1342 2278 hoc

272 2330 434 2422 hahet,
487 2332 607 2405 hunc
655 2331 806 2405 fuisse
856 2326 1068 2404 Euandri
1110 2327 1341 2425 nequissi-

204 2505 211 2518 .
272 2474 391 2525 mum
416 2472 602 2526 servum
627 2462 672 2523 et
696 2450 855 2523 furem.
882 2444 1053 2522 Clemens
1078 2447 1325 2544 similiaquae
1457 2475 1458 2480 ¹

272 2570 359 2644 dam
385 2568 543 2664 Didymi
552 2572 609 2669 [¹]
636 2581 676 2644 et
698 2568 913 2643 Aristotelis
937 2571 1061 2662 nescio
1086 2569 1190 2664 cujus
1206 2567 1342 2664 placita

272 2691 379 2763 affert
404 2687 493 2763 Coh.
517 2691 563 2762 Il
588 2688 650 2762 24.
694 2688 892 2783 stagiritae
916 2687 1119 2786 discipulus
1145 2686 1341 2763 Clearchus
1405 2782 1408 2787 p

271 2811 406 2885 Athen.
430 2811 475 2882 ll
503 2808 563 2883 58.
588 2808 631 2880 F.
656 2807 842 2883 Helenam
867 2811 1077 2906 suspicatus
1103 2809 1342 2906 assidaeos

243 2923 345 3005 'ovo
388 2941 514 3004 natam
556 2927 670 3017 tradi,
717 2926 819 3026 quod
857 2928 897 3001 in
936 2926 1105 3001 cubiculo
1146 2928 1344 3003 orbiculari

272 3049 429 3124 educata
460 3060 567 3122 esset.
624 3046 831 3152 Eidemque
865 3069 960 3124 aevo
991 3047 1244 3123 Alexandrino
1278 3049 1342 3122 ad·

272 3167 455 3240 scribendi
496 3167 669 3244 videntur
707 3167 928 3257 Dosiades,
953 3168 1213 3267 Epimenides,
1228 3209 1231 3212 ·
1246 3169 1341 3242 Lao-

200 3353 204 3360 ,
273 3286 459 3361 sthenides
486 3299 524 3360 et
544 3288 815 3383 Sosicrates[¹¹]‚
842 3308 997 3383 quorum
1018 3314 1046 3363 e
1071 3288 1175 3364 libris
1196 3289 1341 3363 Diodo-

345 3506 389 3575 [2l
426 3506 603 3576 chalcenteri,
623 3466 703 3576 notor
725 3505 830 3560 iuvere
854 3524 896 3580 ap.
920 3510 1018 3563 rusco
1036 3509 1134 3568 caron.
1153 3512 1175 3565 1.
1192 3509 1234 3563 17.
1268 3508 1339 3579 ayn-

275 3575 331 3628 cell.
348 3593 376 3646 p.
397 3576 456 3630 162.
490 3578 583 3631 Persei
600 3594 642 3630 res
659 3583 748 3644 gestas
766 3579 801 3629 ad
817 3578 941 3636 historin
957 3579 1148 3635 similitudinem
1165 3579 1287 3634 traducit.

343 3680 386 3751 [Β]
422 3680 562 3805 Ε’ἐιιιᾱοιιι.
584 3699 642 3734 esse
671 3681 807 3747 videntur,
843 3701 910 3753 qnae
941 3683 974 3736 de
1003 3684 1122 3754 Sphinge
1153 3684 1239 3737 Schol.
1271 3682 1336 3736 Eur.

178 3789 179 3793 ,
227 3769 228 3774 1
273 3751 389 3806 Phoenn.
419 3751 463 3806 l.
492 3752 585 3817 affert,
613 3748 794 3826 Σωκράτηςέ
830 3758 917 3878 optor
938 3748 1022 3823 αὐτήν
1043 3771 1113 3826 φησι
1128 3751 1336 3877 ἔρησμολόγογ,

273 3817 429 3891 daimonte
453 3826 665 3893 μαντευομένην.
691 3824 768 3894 Apud
807 3825 873 3878 cho.
896 3824 976 3877 Arist.
1000 3824 1066 3878 ΛΠ.
1091 3825 1127 3879 52
1194 3821 1340 3910 Σωκριξῐηξ

273 3891 304 3944 ἓν
320 3895 357 3962 τῷ
375 3888 518 3962 δωδεκάτῳ
535 3896 596 3946 ’τῶν
619 3898 761 3967 Κρητικῶν
784 3893 923 3946 Fabricius
948 3894 983 3947 T.
1006 3894 1042 3947 II.
1065 3894 1126 3948 403.
1166 3900 1339 3969 Σωσικρατης

272 3959 433 4021 scribendum
448 3969 538 4034 potat3
555 3964 602 4017 sed
618 3959 794 4018 nomen'idern
810 3970 859 4017 cst.
877 3964 1000 4018 Socratoe
1016 3964 1061 4034 qui
1078 3965 1191 4035 adlqu.
1206 3965 1267 4020 959.
1281 3964 1338 4018 lau·
1457 4009 1458 4016 ,

271 4030 356 4099 (lator,
375 4032 564 4087 Grammaticus
580 4051 639 4087 esse
655 4034 767 4088 ridetur.
784 4052 810 4088 v.
828 4033 916 4105 Etym.
934 4033 973 4089 Μ.
990 4052 1012 4088 s.
1029 4033 1135 4103 Edflolc.
