2925 4684
471 260 474 265 .
503 197 842 275 snuornurc'm.
1119 206 1217 283 1295

139 376 235 452 liclr
260 376 405 471 geliel
432 396 477 448 es
504 372 602 450 dem
627 334 1067 451 rametnrakischen
1093 378 1214 453 Prie-

140 495 366 572 sterbund
394 494 481 568 den
506 492 713 566 Kadmos
745 496 981 590 ingeheim
1015 519 1115 571 zum
1141 500 1214 573 Ei-

23 658 27 667 ,
138 617 240 693 dam
266 613 679 689 desrthrakischen
705 612 824 688 Ares
851 613 943 687 und
976 615 1055 691 der
1081 618 1214 693 Afro-

139 737 239 810 dite
274 758 332 811 uu
355 735 561 839 macheu,
595 733 801 832 eodemque
834 734 947 809 refert
971 737 1138 811 Hecaten
1164 741 1212 814 ab

137 856 306 932 Hesiodo
339 855 562 933 celebratam
588 854 939 947 ceremonensem,
974 856 1086 954 quem
1111 857 1211 933 idem

137 989 331 1068 memorat,
357 1001 381 1051 a
407 973 708 1058 Samothracibus
734 975 874 1055 cultum
899 978 998 1076 Epp.
1023 978 1143 1073 Myth.
1170 980 1212 1054 Τ.

6 1142 8 1167 ÷
138 1098 201 1170 111.
217 1121 264 1205 ¹p.
301 1098 384 1170 100.
417 1097 461 1171 cf.
488 1121 525 1196 p.
551 1094 612 1169 63.
644 1118 681 1193 p.
710 1094 795 1170 loa.
820 1107 858 1169 et
883 1095 1134 1191 Antisymbol.
1170 1100 1213 1174 Τ.

6 1222 7 1261 ³
137 1217 166 1291 Ι.
192 1217 252 1290 66.
320 1214 425 1305 Quae
450 1229 494 1302 ut
518 1237 595 1290 non
620 1238 713 1311 nego
741 1216 1019 1314 quodammodo
1045 1221 1141 1293 inter
1173 1243 1214 1294 se

138 1360 352 1433 congruere,
386 1340 441 1412 ita
472 1359 521 1409 an
555 1358 769 1409 communes
793 1336 915 1412 fontes
942 1338 1120 1429 habeant,
1147 1340 1212 1416 ad.-
1414 1344 1418 1353 “

135 1458 207 1535 huc
240 1457 389 1547 dubito,
429 1479 547 1555 neque
576 1455 736 1529 diffiteor
760 1456 994 1533 sacerdotum
1019 1461 1060 1532 in
1086 1481 1212 1556 prose·
1263 1528 1265 1538 .

136 1579 324 1657 mirandis
357 1591 396 1651 et
427 1575 616 1668 mutandis
650 1578 793 1670 mythis
826 1579 1030 1653 sollertiam
1063 1591 1101 1652 et
1126 1602 1212 1652 con-

135 1700 377 1795 spirationem
402 1698 496 1771 mihi
520 1718 597 1773 non
621 1708 700 1769 tam
727 1698 1041 1798 clarc-apparere.
1083 1700 1211 1797 anue
1320 1726 1327 1740 ·

136 1820 250 1891 etiam
285 1840 397 1891 causa
428 1817 519 1906 fuit,
551 1840 616 1889 cur
648 1840 725 1891 non
758 1839 887 1891 omnes
921 1818 1096 1908 fabulas,
1119 1812 1210 1916 duas

134 1936 290 2011 Vossius
316 1962 338 2027 e
363 1936 521 2011 turbidis
545 1940 809 2031 mysteriorum
835 1938 1002 2017 fontibus
1020 1962 1211 2014 emanasse

134 2059 284 2143 statuit,
319 2060 498 2152 mysticae
530 2056 779 2143 adscriberem
812 2056 1021 2149 doctrinae,
1049 2059 1147 2158 quod
1174 2072 1223 2137 ct·
1307 2100 1309 2103 v

133 2176 282 2252 difficile
321 2179 519 2253 videbatur
559 2182 781 2269 sententias,
823 2201 918 2277 quae
958 2185 1120 2257 auctoris
1154 2184 1210 2256 lu
1281 2190 1286 2203 ’“

134 2322 216 2372 cem
242 2297 473 2388 desiderant,
498 2311 666 2372 accurate
691 2302 946 2395 interpretari,
973 2313 1011 2374 et
1036 2325 1209 2377 verecun-

127 2412 253 2492 dabar
287 2420 322 2491 ei
348 2442 551 2516 repugnare
575 2422 679 2508 viro,
705 2420 769 2516 qui
794 2418 1040 2521 πρεςβύτερος
1064 2421 1209 2527 γεγόνει
1311 2412 1316 2419 ’

134 2538 199 2615 καὶ
223 2538 374 2617 πλείονα
398 2541 493 2638 ᾔδη,
527 2550 565 2611 et
590 2543 650 2612 cui
675 2541 757 2636 ipse
780 2538 959 2637 quidquid
984 2544 1024 2615 in
1049 2542 1209 2638 hocyge-
1235 2635 1238 2642 Ι

4 2640 6 2709 l
134 2680 223 2730 nere
256 2659 464 2733 studiorum
497 2659 658 2755 proieci,
700 2657 863 2754 siquid
894 2661 1055 2757 profeci,
1088 2662 1208 2750 laetus

133 2767 253 2850 libens
288 2791 480 2876 acceptum
513 2781 644 2854 refero.
697 2777 820 2866 Haec,
846 2801 942 2875 quae
967 2781 1033 2851 ilio
1054 2784 1207 2854 vivente

132 2920 317 2996 nunquam
362 2896 557 2986 dixissem,
597 2899 644 2970 de
684 2906 833 2968 mortuo
867 2897 1083 2993 praedicare
1114 2899 1208 2972 milri

126 3020 189 3114 jus
215 3019 344 3116 fasque
370 3028 445 3106 est,
478 3038 562 3088 mco
588 3029 631 3089 nt
656 3017 780 3088 animo
806 3018 1055 3092 satisfaciam
1081 3020 1207 3116 potius

131 3160 242 3237 quam
276 3150 319 3210 ut
334 3160 430 3210 cum
456 3114 604 3227 ornem,
639 3136 701 3233 qui
727 3137 865 3210 nullius
890 3141 1088 3235 praeconio
1115 3152 1205 3235 eget.

133 3255 228 3331 Nam
256 3257 345 3331 dum
371 3249 462 3331 haec
488 3244 621 3329 studia
636 3256 827 3351 vigebunt,
853 3258 942 3332 dum
968 3251 1110 3354 patrius
1131 3283 1205 3333 ser-

133 3398 196 3449 mo
231 3378 390 3468 coletur,
432 3376 521 3450 dum
555 3389 655 3449 recto
685 3401 848 3476 veroque
881 3401 989 3454 suum
1022 3379 1205 3475 constabit

4 3524 5 3595 j
135 3498 317 3592 pretium,

221 3668 332 3726 semper
353 3654 445 3713 honos
466 3672 629 3729 nomenque
651 3655 707 3710 riri
730 3655 887 3730 laudesque
908 3653 1073 3713 manebunt.
1129 3687 1132 3694 ·

134 3832 197 3898 sale,
221 3832 267 3884 sed
284 3833 433 3903 punicorum
450 3837 602 3905 religionum
621 3837 734 3904 vestigia
758 3837 783 3888 in
810 3837 938 3904 mysteriis
962 3835 1014 3888 illis
1037 3848 1120 3902 neque
1153 3849 1202 3902 rgo

136 3902 294 3976 deprehendi
312 3921 396 3974 neque
413 3911 513 3960 veteres
531 3907 744 3961 animadvertisse
763 3906 848 3960 video.

916 4094 997 4169 33*
