2925 4684
550 213 844 312 o'nru'rcs(
892 242 904 299 ·’.
1065 265 1070 276 ’
1145 231 1222 315 940
1288 267 1292 276 *

150 418 281 514 ταμοῖς
306 413 361 486 ait
387 402 518 486 auet'or
542 414 748 508 argumenti
767 413 813 484 in
838 408 991 492 Theoor.
1017 432 1055 507 p.
1076 408 1113 484 4.
1140 408 1223 486 Sui-

154 531 240 608 dast
262 533 349 610 {derb
376 531 436 618 ote
461 530 555 624 ἑπτὰ
577 530 779 633 κυμάτων,
806 529 880 608 ἀπὸ
905 538 1121 633 μεταφορᾶς
1144 540 1223 609 τῶν
1317 549 1319 553 ’

153 653 214 730 snt
239 651 372 757 φόνοις
403 652 704 753 καθαιρομένων.
748 647 950 724 Pausanias
974 651 1022 723 11.
1047 648 1109 725 31.
1135 648 1225 724 Ore-

152 783 251 847 stem
298 792 366 871 per
404 789 541 847 novem
584 769 811 845 Troezenios
856 780 1053 867 purgatum
1099 768 1224 843 tradit.

156 887 256 978 Quin
289 892 405 963 etiam
439 889 550 980 deos,
581 889 826 978 Mercurium,
849 888 1059 964 Minervam
1092 900 1131 963 et
1162 888 1226 964 Jo-

152 1031 243 1084 vem
267 1003 390 1106 ipsum
422 1010 518 1084 hane
550 1029 705 1110 operam
739 1005 853 1085 caede
883 1008 1037 1106 pollutis
1068 1032 1227 1086 navasse

155 1128 351 1227 perhibent
383 1128 559 1229 Apollod.
591 1130 638 1202 ll.
675 1127 708 1200 l.
743 1125 778 1201 ⁵.
830 1126 962 1202 Aeseh.
994 1129 1103 1204 Eum.
1135 1130 1225 1208 438.

30 1285 33 1292 >
153 1247 220 1325 sed
241 1250 384 1324 nullom
410 1259 540 1326 vatem
557 1260 627 1322 aut
651 1229 881 1323 sacerdotem
905 1249 1136 1341 immiscent,
1160 1273 1224 1325 ex-

154 1381 261 1466 cepto
288 1368 389 1468 quod
416 1367 714 1465 Chrysothemis‚
748 1391 862 1465 quem¹
882 1369 1053 1443 nonnulli
1072 1370 1227 1446 vatibus

154 1492 338 1580 inserunt,
375 1488 589 1588 Apollinem
616 1490 737 1561 occiso
763 1487 933 1583 Pythone
956 1490 1114 1564 solvisse
1137 1489 1227 1564 diei·

155 1622 215 1683 tur
241 1607 362 1689 Schol.
389 1609 494 1684 Pind.
519 1611 560 1683 in
584 1607 737 1704 Argum.
761 1607 869 1702 Pyth.
901 1633 940 1708 p.
965 1607 1053 1684 485.
1104 1608 1226 1705 Heyn.

156 1730 261 1824 eujus
285 1732 325 1804 in
349 1732 475 1804 locum
496 1723 563 1803 alii
587 1726 851 1803 Carmanorem
872 1730 953 1824 ejus
974 1725 1227 1825 patremsub-

156 1833 312 1944 rogant(
330 1873 367 1926 v.
393 1851 500 1925 Paus.
525 1847 573 1923 X.
598 1849 635 1921 7.
661 1845 867 1948 Crotopum
887 1847 1011 1921 Lutat
1037 1848 1086 1923 ad
1112 1845 1226 1924 Theb.

157 1968 187 2041 I.
219 1966 303 2048 570.
895 1963 897 1968 ’

256 2089 341 2164 Hae
367 2091 502 2165 autem
517 2090 665 2165 fabulae
690 2086 740 2163 ad
764 2087 866 2162 idem
888 2092 1100 2189 exemplum
1121 2092 1227 2167 lictae

131 2212 372 2290 ,confirmant
410 2210 452 2284 id
485 2210 585 2310 quod
617 2210 768 2307 saepius
800 2211 1041 2301 iteravimus,
1080 2221 1227 2287 veteres

155 2331 450 2430 mythographos
489 2334 529 2405 iu
562 2330 753 2406 tradendis
784 2329 938 2402 heroum
972 2329 1085 2403 rebus
1115 2334 1227 2426 gestis

159 2450 392 2525 tantumdem
413 2452 510 2548 juris
532 2454 758 2542 exseruisse,
783 2447 960 2548 quantum
985 2450 1109 2548 poetis
1131 2462 1229 2523 esset

160 2569 303 2662 datum,
329 2582 373 2645 ut
396 2574 526 2671 paucis
551 2573 644 2662 illis,
677 2594 772 2669 quae
798 2569 846 2643 de
879 2571 1053 2667 cujusque
1077 2572 1229 2643 nomine
1338 2592 1343 2600 ·

159 2701 198 2764 et
221 2694 343 2791 patria
368 2694 573 2789 antiquitus
602 2689 742 2764 tradita
773 2703 914 2779 essent,
948 2690 1152 2785 adjicerent
1181 2691 1229 2764 de
1346 2720 1349 2724 ’
1414 2711 1416 2718 ·

159 2831 228 2883 suo
253 2810 432 2910 quidquid
458 2810 506 2884 ad
531 2811 802 2887 absolutionem
822 2811 949 2907 justae
968 2809 1148 2897 historiae
1173 2833 1230 2883 re·
1314 2856 1316 2860 .

161 2931 377 3028 quireretur,
402 2931 514 3030 idque
535 2933 732 3030 plerosque
759 2943 836 3004 tam
862 2933 994 3025 exigua
1018 2928 1231 3032 elaborasse

160 3052 337 3140 sollertia,
362 3063 406 3125 ut
432 3073 559 3125 omnes
585 3051 662 3123 fere
676 3050 807 3123 heroes
832 3048 964 3122 eodem
984 3046 1098 3122 modo
1115 3053 1230 3140 nasei,

152 3171 312 3270 ⁹educari
332 3182 370 3245 et
396 3172 531 3272 iisdem
553 3168 603 3244 ad
624 3167 847 3246 exulandum
869 3172 989 3244 causis
1009 3169 1153 3270 impelli
1168 3174 1230 3246 vi·
1260 3244 1262 3249 .

162 3291 327 3367 deamus.
379 3291 481 3381 Quas
511 3314 571 3365 res
605 3287 657 3365 ad
688 3313 793 3364 suam
827 3312 1010 3389 quemque
1036 3290 1230 3365 libidinem

68 3495 72 3500 ,
161 3413 311 3487 linxisse
334 3413 401 3486 illo
419 3415 505 3509 ipso
526 3410 696 3486 Herculis
716 3412 887 3511 exemplo
905 3409 1092 3502 doeemur,
1110 3435 1228 3518 *quem

163 3532 230 3605 alii
253 3534 294 3605 in
318 3532 532 3629 majusculis
557 3535 744 3626 mysteriis
770 3534 959 3631 expiatum
983 3532 1145 3624 tradunt,
1165 3533 1230 3606 alii

163 3652 204 3723 in
221 3653 446 3742 minusculis,
466 3652 635 3726 uonuulli
657 3675 681 3727 a
702 3653 876 3743 Musaeo,
901 3631 989 3750 pars
1009 3655 1056 3728 ab
1076 3651 1231 3727 Eumol·
1355 3666 1364 3675 ’

103 3761 109 3817 l
163 3792 235 3868 po,
259 3795 416 3869 quorum
434 3773 493 3846 oui
509 3773 745 3869 potissimum
767 3771 992 3849 eredendum
1017 3776 1086 3864 sit,
1111 3774 1229 3845 incas
1421 3791 1423 3795 ⁴

163 3912 248 3968 sum
273 3896 418 3993 quaerit
441 3893 655 3969 Lareherns.
1353 3883 1355 3887 ’
1447 3889 1449 3894 ‘
