2925 4684
255 204 353 286 1334
612 201 754 302 mons
784 219 1001 295 tostius.

249 388 372 482 πρῷον
390 400 426 474 p.
447 374 529 449 104.
553 373 611 447 15.
636 375 772 471 qussi
795 372 986 449 Hermes
1012 377 1098 451 ille
1123 402 1147 452 a
1171 384 1316 476 mejo—
1453 361 1454 366 ¹

248 499 381 573 ribus
406 492 668 572 Andocidis
694 506 819 567 esset
852 511 1154 574 consecratus
1180 508 1347 598 quem.

225 601 434 693 constat
458 615 607 688 fuisse
632 612 874 688 donarium
901 617 1049 692 trihus
1066 618 1312 715 Aegeidos.
1453 621 1454 684 3

246 740 383 811 Verum
409 736 494 813 θεοὶ
517 735 704 834 πατρῷοι,
730 744 877 831 praeter
901 736 999 833 illos,
1025 760 1181 834 quorum
1206 763 1313 814 sacra
1453 769 1454 794 1

247 859 380 955 aliquis
410 856 452 928 in
484 856 559 928 suis
593 852 756 951 praediis
791 855 934 928 colebat
964 879 989 929 a
1022 859 1224 953 majoribus
1250 884 1310 934 ac-

227 987 371 1076 cepta,
404 977 484 1048 sine
521 972 633 1046 dubio
669 975 781 1047 etiam
814 977 995 1050 nominati
1028 967 1114 1052 sunt
1143 979 1311 1074 ejusdem

244 1098 383 1196 phylse
416 1106 453 1167 et
486 1093 673 1191 phratrias
705 1093 759 1166 dii
791 1106 828 1167 et
861 1099 926 1192 qui
957 1096 1003 1171 ab
1037 1100 1120 1171 aliis
1158 1098 1311 1195 quidem
1453 1103 1454 1186 i

244 1214 310 1290 sed
335 1218 375 1288 in
399 1217 571 1310 proximo
597 1216 797 1290 consecrati
821 1227 974 1313 propter
991 1202 1113 1315 ipssm
1134 1220 1311 1302 viciniam
1453 1203 1454 1258 ἶ

243 1338 400 1412 solemni
423 1335 586 1410 familiae
610 1335 817 1407 ministerio
845 1323 1058 1409 colebantur
1082 1340 1220 1435 pariter
1241 1338 1309 1411 do-

244 1458 415 1532 mesticis.
464 1456 534 1528 ·De
565 1453 725 1529 Pindaro
751 1466 878 1528 namot
903 1454 1066 1530 Thomas
1091 1459 1131 1530 in
1156 1458 1243 1531 vita
1267 1483 1308 1556 p.

247 1574 330 1651 155.
370 1573 527 1677 κατῴκει
558 1575 626 1662 τὰς
661 1573 787 1675 disice
818 1576 975 1673 πλησίον
1006 1588 1074 1675 τοῦ
1108 1580 1207 1678 ἱεροῦ
1238 1588 1307 1675 τῇς

237 1700 339 1785 Ῥέας
361 1699 431 1796 τὴν
450 1697 588 1775 οὶκίαν·
615 1695 723 1797 ἐτίμα
737 1694 785 1772 δὲ
804 1698 873 1792 τὴν
891 1696 986 1774 θεὸν
1006 1695 1165 1800 σφόδρα.
1192 1721 1305 1795 quom

92 1838 94 1841 ⁴
241 1820 456 1914 religionem
481 1819 514 1893 si
539 1817 680 1915 posteri
705 1817 784 1911 ejus
810 1818 1049 1907 retinuerunt,
1073 1841 1150 1892 non
1174 1818 1305 1894 dubito

240 1940 329 2036 quin
363 1936 472 2011 deam
502 1937 608 2010 illam
639 1935 711 2008 sihi
742 1935 922 2038 πατρῴαν
956 1935 1077 2010 dicere
1102 1941 1308 2035 potuerint,

239 2057 411 2130 similiter
449 2067 492 2127 ut
528 2053 738 2128 Andocides
779 2055 1021 2147 Mercurium,
1072 2080 1181 2154 quem
1220 2061 1305 2155 ipse

240 2177 341 2276 παρὰ
387 2173 567 2276 πατρῴαν
610 2174 731 2251 οὶκίαν
771 2175 988 2250 collocatum
1027 2198 1107 2251 esse
1145 2187 1305 2251 testatur

238 2297 298 2380 Dc
322 2304 432 2389 myst
459 2320 495 2394 p.
521 2296 557 2372 9.
584 2295 773 2369 Socratem
797 2307 939 2386 entem,
965 2299 1028 2395 qui
1052 2296 1124 2371 sibi
1147 2300 1305 2398 βωμοὺς
1453 2303 1454 2329 ’

238 2419 302 2495 καὶ
336 2418 418 2519 ἱεροὶ
451 2422 566 2493 οἰκεῖα
598 2418 662 2493 καὶ
693 2426 850 2517 πατρῴα
883 2439 962 2490 esso
994 2417 1183 2514 praedicat
1208 2418 1305 2493 Ptat.

238 2534 400 2628 Euthyd.
424 2560 461 2632 p.
488 2537 574 2609 302.
595 2533 634 2610 C.
659 2546 807 2633 praeter
832 2534 1053 2611 domesticos
1079 2536 1169 2610 deos
1185 2540 1304 2613 etiem

237 2656 447 2730 communio
484 2654 622 2753 phylne
653 2668 692 2728 et
725 2656 914 2753 phratriae
944 2679 1033 2730 suae
1065 2680 1168 2731 sacra
1201 2680 1303 2734 com·

235 2774 472 2875 prehendisse
497 2775 665 2865 notem,
690 2798 809 2873 neque
833 2774 1050 2852 Aeschinem
1075 2781 1306 2872 negaverim

237 2900 302 2995 qui
333 2908 476 2995 patrem
502 2918 609 2992 suum
635 2895 725 2968 dicit
749 2896 844 2975 εἶναι
869 2901 909 2974 ἐκ
934 2898 1140 3001 φρατρίας,
1170 2899 1303 2994 dcciv
1368 2965 1371 2971 .

236 3020 364 3097 αὐτῶν
384 3022 529 3118 βωμῶν
550 3014 852 3117 Ἐτεοβουτάδαις
876 3020 1015 3117 ρατίχα
1038 3018 1099 3091 De
1123 3017 1203 3090 fals.
1227 3018 1300 3112 leg.
1366 3004 1369 3009 ⁸

234 3161 271 3234 p.
296 3136 357 3209 47.
384 3138 445 3210 39.
478 3136 547 3209 has
578 3159 661 3210 aros
692 3136 765 3209 sihi
795 3137 970 3240 πατρῴας
994 3153 1204 3236 nuncupare
1226 3158 1297 3231 po-

232 3258 359 3330 tuisse
407 3255 547 3330 Multos
579 3265 705 3331 sutem
736 3256 786 3331 ad
809 3261 1022 3350 ¹vicinorum
1055 3256 1145 3331 deos
1170 3258 1300 3353 priva·
1355 3322 1358 3326 .

136 3445 138 3450 ,
233 3389 301 3451 tos.
332 3398 413 3451 sese
435 3367 674 3475 ‚applicuisse
710 3391 867 3475 apparet
905 3403 926 3451 e
964 3378 1222 3476 Xenophontis
1259 3389 1299 3451 et

231 3498 342 3570 Plinii
372 3499 602 3572 testimoniis.
660 3495 782 3592 Hujus
815 3501 855 3571 in
887 3498 1049 3597 praediis
1082 3509 1161 3572 erat
1185 3496 1300 3572 aedes

234 3615 396 3710 Cereris,
437 3639 510 3714 qno
550 3627 647 3689 stato
681 3617 743 3692 die
776 3618 898 3693 coibat
929 3615 1090 3718 populns
1124 3618 1172 3693 ad
1204 3630 1301 3694 vota

234 3739 468 3837 suscipienda
499 3737 758 3838 reddendaque
791 3740 845 3812 Ι..
858 3739 920 3834 IX.
946 3741 1016 3838 Ep.
1043 3740 1103 3814 39.
1157 3739 1297 3818 Simili-

233 3869 288 3930 ter
328 3883 439 3957 quum
479 3859 689 3961 Xenophon
726 3865 768 3935 in
801 3884 889 3956 agro
924 3860 1117 3935 Scilluntio
1149 3859 1298 3932 Dimme

233 3981 413 4076 templum
447 3985 712 4074 constituisset,
751 3982 886 4066 πάντας
919 3983 954 4057 οἱ
986 3988 1131 4059 πολῖται
1162 3978 1226 4056 καὶ
1258 3979 1296 4055 οἱ
