2925 4684
516 203 851 260 srnorunncm.
1111 190 1208 264 1333
1340 275 1352 288 χ

152 362 212 434 vl.
248 361 335 435 301.
373 361 454 437 ὅσοι
494 361 716 459 καθαρμούς
750 356 925 444 ἐδίδαξαν
958 358 982 454 ἢ
1017 361 1211 463 λυτηρίους

153 484 253 586 ᾠδὰς
277 482 301 591 ἢ
328 479 612 579 ἀποπομπίμους
637 480 767 580 φωνὰς
791 478 815 574 ἢ
841 476 1002 563 κτύπους
1029 489 1094 552 etc

1084 862 1089 872 '
1119 865 1162 932 111}
1181 843 1188 906 i

86 985 90 986 ᾗ
291 980 917 1093 nulnuuuuul
985 981 1074 1075 11.

439 1197 487 1261 ad
519 1194 554 1262 C·
582 1196 648 1263 IV.
681 1200 708 1276 i.
737 1201 768 1262 3.
807 1210 883 1262 not.
905 1195 927 1264 l.

255 1437 482 1535 Cognomina
509 1436 661 1510 deorum
688 1461 711 1510 a
737 1436 936 1511 cultoribus
961 1438 1024 1513 vel
1051 1437 1215 1512 condito-

154 1560 257 1635 ribus
289 1575 476 1633 oacrcrum
511 1570 659 1654 accepta
683 1560 846 1656 plurima
862 1558 976 1630 'affert
1001 1559 1216 1648 Pausaniam

153 1681 324 1756 Minerva
348 1677 520 1778 Ναρκαίου
545 1678 589 1749 V.
618 1679 675 1750 16.
702 1677 737 1750 5.
758 1678 901 1757 Ἰτωνία
925 1677 988 1751 IX„
1009 1678 1069 1751 34.
1094 1678 1217 1750 Diana

155 1799 320 1897 Laphria
352 1798 431 1869 Vll.
459 1797 520 1870 18Ϊ
552 1797 587 1870 6.
628 1795 773 1894 Jupiter
798 1797 1024 1886 Μεσσαπεύς
1049 1799 1122 1875 οἱκίδ
1147 1808 1216 1875 τοῦ

156 1919 406 2019 ἱερασαμένου
440 1917 503 1989 ΙΠ.
537 1919 597 1989 20.
633 1918 667 1989 3.
716 1917 957 2014 Aesculapius
989 1918 1218 2019 Δημαίνετος
1311 2007 1316 2012 ,

156 2040 230 2117 ἀπὸ
255 2049 324 2115 τοῦ
349 2039 600 2139 ἱδρυσαμένου
633 2035 694 2108 Vl.
721 2038 782 2110 21.
804 2038 842 2111 4.
895 2036 1074 2112 Hercules
1099 2037 1217 2116 Μύν-

155 2168 277 2245 τικὶος
311 2155 484 2257 καθάπερ
525 2158 589 2233 καὶ
619 2159 773 2257 ’Ἀμμων
811 2160 876 2234 καὶ
909 2166 1031 2255 Βῆλος
1061 2202 1113 2232 e·-
1145 2161 1217 2240 ἀπὸ

156 2288 226 2358 τοῦ
252 2279 514 2379 ἱδρυσαμένου.
541 2277 586 2351 of.
613 2276 769 2348 Siebelis
795 2277 836 2348 Τ.
861 2277 889 2349 1.
915 2300 951 2374 p.
978 2275 1064 2349 257.
1097 2277 1240 2370 Ηοεγ-ι

49 2447 51 2456 ·
158 2400 260 2471 chius
290 2395 467 2482 Ἑκοίὶειος
499 2397 612 2485 Ζεύς,
647 2398 693 2474 δν
715 2394 848 2492 Ἑκαλῆ
873 2395 1062 2496 ἱδρύσατο.
1113 2395 1219 2469 Idem

158 2518 365 2614 Αύξίδηνος
390 2515 473 2615 (sic)
494 2517 625 2617 Ἑρμῆς
651 2517 709 2592 ἐπὶ
734 2518 817 2616 (sor.
839 2512 928 2611 ἀπὸ)
947 2526 1010 2612 τῆς
1030 2514 1218 2616 ἱδρύσεως.

159 2636 234 2709 Sed
265 2636 335 2709 hoc
366 2636 448 2709 ioco
481 2634 677 2733 disceptari
708 2646 832 2732 potest
864 2646 988 2709 utrum
1018 2634 1220 2711 Mercurios
1274 2643 1277 2648 ⁴

158 2756 371 2856 Αύξίδημος
404 2767 556 2832 vocatus
582 2758 632 2827 sit
663 2768 840 2853 tanquam
869 2757 1120 2852 amplificator
1152 2781 1221 2854 po·
1325 2765 1334 2846 J

157 2877 239 2976 puli
273 2899 319 2949 an
352 2899 376 2947 a
402 2874 591 2948 conditore
616 2873 845 2964 Auxidemo,
879 2886 917 2947 et
948 2875 1018 2947 hoo
1049 2876 1219 2972 probato,

158 3008 284 3070 utrum
310 2997 423 3068 carus'
439 3004 561 3066 rector
586 2991 797 3066 retinendus
824 3009 877 3065 an·
895 2993 1110 3094 Αὐξιδήμου
1134 2998 1219 3069 scri.

159 3116 321 3190 bendum
353 3118 412 3186 sit.
463 3112 630 3186 Occurrit
662 3113 759 3185 enim
786 3118 985 3189 memoriae
1010 3116 1074 3188 ille
1093 3118 1220 3195 Ἀνδο-

159 3236 267 3313 κίδου
302 3236 453 3335 Ἑρμῆς,
491 3230 589 3304 undc
630 3253 729 3307 nova
767 3233 996 3308 subnascitur
1029 3234 1221 3311 dubitatio.
1330 3285 1333 3296 ·

160 3354 342 3428 Sluiterus
375 3353 472 3425 enim
497 3353 543 3452 in
575 3350 690 3424 Lecto
722 3351 863 3426 Andoc.
895 3379 932 3452 p.
961 3356 1044 3431 170.
1075 3368 1223 3456 praeter

162 3474 235 3547 alia
265 3485 496 3570 argumenta,
528 3472 659 3570 quihus
695 3472 831 3567 Lysiae
864 3477 1070 3550 orationem
1097 3489 1224 3551 contra

161 3591 391 3668 Andocidem
415 3597 622 3694 impugnat,
653 3596 862 3669 etiamhoc
887 3598 992 3672 affert
1016 3597 1116 3694 quod
1142 3617 1223 3669 ora·

162 3711 276 3785 tionis
308 3716 463 3813 scriptor
494 3713 724 3788 Andocidem
758 3713 951 3814 Aiiotippo
976 3718 1080 3789 litem
1105 3718 1222 3789 inten-

23 3822 25 3828 ’
164 3830 263 3905 dirce
288 3853 439 3906 narrans
463 3835 521 3909 hir
547 3856 635 3909 urus
655 3834 704 3907 sit
721 3833 847 3908 verbis
867 3833 1025 3934 φάσκων
1043 3833 1114 3914 τὸν
1128 3836 1222 3938 Ἀρί·

165 3978 324 4031 στιππον
359 3954 507 4053 ἀσεβεῖν
539 3956 622 4056 περὶ
653 3955 722 4035 τὸν
748 3955 885 4059 Ἑρμῆν
915 3955 984 4034 τὸν
1009 3955 1126 4035 αὑτοῦ
1150 3987 1223 4034 αα-
