2925 4684
263 211 339 284 816
390 284 391 287 ι
583 223 722 278 crana
748 225 1006 279 sncuunus.

414 384 562 468 παρθένοι
582 383 719 474 ιλαείῃσιν
742 375 944 465 ἀγαλλόμεναι
966 383 1142 471 πτερύγεσσι
1249 393 1251 397 ’
1308 396 1310 403 λ

413 494 501 570 τρεῖς·
522 483 601 548 κατὰ
622 485 656 549 δὲ
673 482 787 570 κρατὸς
805 485 1034 568 πεπαλαγμέναι
1055 484 1169 571 ἄλφιτα
1189 479 1279 547 λευκά
1288 479 1325 562 [³]

379 620 381 631 =
412 586 491 649 circlo
511 582 700 667 ναιετάορσιν
718 578 778 648 ὕπὸ
801 587 891 668 πτυχὶ
910 590 1102 672 Παρνησοῖο.

260 712 303 782 ln
336 706 415 780 cod.
448 707 567 804 Mosq.
599 707 749 807 Σεμναί
779 709 928 803 legitur,
950 707 1062 804 ¹quod
1087 707 1326 780 Ruhnkenius

148 857 151 863 ¹
228 889 230 893 ,
260 829 440 923 suscepit,
473 829 513 904 in
545 828 640 901 Edd.
673 837 841 929 Μοῖραι,
881 829 939 901 cui
964 827 1145 899 Matthiae
1169 828 1328 925 patroci-

259 958 389 1037 natur,
424 948 567 1044 puellas
597 946 691 1020 'istas
717 950 769 1021 sic
791 949 1002 1046 ‘appellatas
1027 956 1163 1045 putans
1189 945 1238 1018 ob
1262 967 1328 1020 va·

259 1064 437 1141 ticinandi
470 1066 698 1157 facultatem,
734 1091 843 1165 quam
868 1091 936 1140 nos
963 1090 1080 1167 neque
1106 1066 1328 1160 denegamus
1443 1107 1448 1149 ;

259 1188 412 1278 Parcis,
425 1209 544 1284 neque
568 1179 623 1259 ita
648 1190 839 1285 propriam
866 1188 979 1260 fuisse
1006 1185 1259 1275 concedimus,
1284 1194 1328 1256 ut

260 1307 448 1405 quaelibet
477 1317 584 1395 uates
615 1316 762 1409 Μοῖραι
788 1307 861 1380 dici
886 1308 1093 1405 potuerint,
1119 1306 1327 1401 frustraque

25 1424 27 1433 ’
142 1465 143 1468 “
259 1437 367 1514 esset,
392 1427 427 1499 si
452 1427 533 1522 quis
560 1423 609 1498 ad
634 1446 727 1501 eam·
742 1451 820 1501 rem
847 1430 1009 1504 uteretur
1022 1424 1202 1518 Hesychii
1218 1424 1352 1519 (ilos-¹

259 1548 330 1634 sis,
362 1567 437 1618 una
468 1545 637 1646 Μορίὸις
661 1546 831 1648 μάντεις·
864 1543 964 1642 quod
989 1545 1163 1642 explicari
1188 1546 1326 1640 nequit,

191 1754 196 1767 Ι
259 1667 375 1739 altera
409 1664 726 1770 Παντομάντειρα
755 1675 900 1773 μοῖρα,
940 1664 1005 1737 ubi
1040 1662 1325 1763 πανδαμᾶτειρα

257 1785 492 1861 scribendum
524 1799 606 1877 aut,
639 1798 682 1859 ut
714 1789 797 1862 aliis
829 1788 968 1884 placet,
994 1783 1323 1885 παντοκρᾶντειρα.

258 1906 333 1979 Nec
358 1907 482 1978 minus
509 1890 741 2002 operae'erit
766 1906 985 2003 explanare,
1011 1904 1110 1977 uode
1134 1917 1243 1979 vetus
1268 1904 1326 1993 le-

157 2074 161 2081 ·
259 2028 332 2098 ctio
365 2023 515 2122 Σιμναί
538 2036 628 2096 orta
654 2027 722 2114 sit,
759 2048 870 2123 quam
897 2023 1142 2097 consideranti
1168 2026 1259 2098 mihi
1284 2025 1325 2097 in

258 2145 471 2244 opinionem
504 2144 624 2233 venit,
659 2144 729 2216 hoc
753 2126 1125 2242 ’interpretamentum
1152 2166 1232 2218 esse
1256 2167 1325 2219 vo·

258 2264 379 2341 eubuli
394 2262 501 2365 Ἰραα
528 2261 755 2363 adscriptum
780 2265 827 2338 ab
854 2265 989 2364 aliquo,
1016 2268 1079 2361 qui
1105 2265 1154 2340 ad
1174 2263 1324 2359 adjecti-

180 2450 183 2453 *
258 2409 349 2462 vum
373 2385 453 2487 ἱραί
477 2385 698 2478 cogitatione
724 2385 945 2475 oberrassem
968 2389 1067 2484 Ἶρις
1093 2396 1216 2457 autem
1242 2386 1324 2458 sive

257 2512 375 2607 Εἴρας
397 2504 580 2602 nymphas
606 2504 775 2578 fatidicas
800 2504 1005 2602 appellatas
1030 2526 1123 2593 esse,
1149 2506 1254 2601 quasi
1267 2503 1324 2578 di·

260 2647 320 2701 cas
345 2623 436 2719 Ajas
460 2624 634 2697 Locutias
660 2634 727 2698 aut
740 2624 877 2714 Facias,
901 2627 934 2696 si
958 2624 1072 2696 modo
1085 2625 1155 2697 hae
1173 2623 1322 2698 afando

258 2758 296 2820 et
320 2740 500 2818 fatuando
526 2766 672 2817 nomen*
687 2755 878 2818 mutuatae
902 2745 1051 2845 sunt[⁰].
1076 2744 1215 2818 Vocem
1229 2738 1322 2842 Εἴρη

259 2878 297 2941 et
311 2868 390 2967 'lpu
405 2861 615 2958 Hesychius
629 2861 1035 2962 interpretaturdulpa,
1061 2845 1219 2961 κληιλιόν.
1246 2865 1322 2936 Eu-

258 2985 416 3059 statlrius
429 3007 466 3081 p.
484 2984 594 3057 1160.
607 2980 667 3058 35.
690 2987 726 3060 οἱ
749 2982 900 3061 παλαιοί
909 3010 1026 3085 φασιν
1043 2985 1156 3063 ὅτιτὸ
1174 2985 1256 3086 εἶρα
1270 3029 1322 3040 ——

256 3103 325 3200 τὴν
349 3102 531 3202 μαντείαν,
555 3104 743 3201 σημαίνει,
775 3103 873 3177 unde
896 3104 1082 3200 perfacilis
1106 3102 1178 3176 fuit
1202 3106 1322 3176 nomi-

257 3224 317 3309 nis
342 3220 392 3295 ad
416 3207 567 3320 νύμφας
590 3219 772 3322 μαντινᾶς
797 3223 998 3296 translatio
1039 3221 1198 3311 Ceteris,
1225 3246 1321 3319 quae

258 3341 387 3437 hymni
416 3350 543 3412 cantor
574 3338 621 3411 de
653 3336 720 3412 his
746 3341 825 3413 sive
857 3340 926 3413 lris
957 3341 1038 3416 sive
1070 3340 1209 3487 'l'hriis
1218 3340 1352 3429 dicit.

385 3507 532 3576 Hesychius
553 3464 747 3578 Ἀλφιτ5χριις,
765 3503 858 3576 λευκή,
876 3506 966 3563 notet.

340 3506 412 3650 §.lv
437 3578 543 3645 Meuag
567 3578 668 3646 Origin.
692 3577 726 3630 de
750 3577 777 3630 la
794 3577 863 3648 lang.
881 3577 1000 3634 frande
1019 3597 1044 3632 ι
1056 3579 1130 3632 nee
1148 3587 1177 3637 et
1191 3577 1319 3646 Ducang

257 3653 285 3704 iu
303 3650 390 3706 (ileu.
408 3667 429 3701 s.
447 3647 543 3700 Padus.
567 3647 610 3699 Ex
627 3648 784 3702 Nereidibus
806 3656 878 3702 certe
900 3657 974 3702 ortae
991 3657 1051 3701 sunt
1068 3651 1226 3707 Graecorum
1244 3648 1319 3700 nori-

258 3722 352 3774 tiernn
368 3716 538 3805 Νιιμαρίδις,
562 3733 629 3786 quas
651 3718 728 3771 etiarn
752 3721 833 3774 καλαὶ
856 3714 1029 3803 ἀρχόντισσαι
1045 3726 1186 3784 vocantur,
1204 3726 1320 3787 quasque
1366 3746 1368 3749 -

258 3790 314 3844 Leo
337 3790 448 3844 allatius
471 3788 504 3840 de
521 3789 646 3842 Graecos.
664 3788 716 3840 Ο
690 3806 777 3860 ρριιι.
779 3788 865 3844 ..159
914 3788 1069 3842 simillime
1085 3797 1115 3843 ut
1132 3789 1224 3842 Feas'
1216 3806 1243 3842 ιιι
1259 3788 1319 3841 val·

259 3859 327 3913 libus
351 3868 378 3914 et
401 3861 435 3913 ad
457 3858 529 3910 rivos
552 3806 707 3927 puteosquep
715 3808 836 3929 tripudiis
852 3865 880 3911 et
928 3860 996 3912 oreis
1013 3875 1070 3910 sese
1086 3859 1252 3925 oblectere,'
1240 3876 1320 3927 Juve

259 3946 318 3983 num
334 3932 502 3983 formosorum
519 3944 607 3981 amore
623 3930 690 4013 capi,
709 3939 836 3984 amatores
852 3928 919 3982 dites
936 3935 964 3982 et
981 3929 1125 3984 fonuuat'os
1143 3929 1259 3994 reddere,
1278 3926 1320 3982 ol-

258 4000 405 4054 &moribus
421 3998 563 4070 grauiter
554 3998 633 4052 nasei
651 3999 749 4054 scribit.
