2925 4684
547 195 819 249 carnion.
1142 184 1220 259 805

147 348 353 445 aagendam
392 350 467 422 loci
512 353 763 440 sanctitatem,
803 372 921 449 neque
960 356 1101 449 majore
1133 377 1220 431 cura

146 469 299 579 dignum
326 483 438 567 quam
463 469 747 544 innommohilia
773 471 847 545 alia
868 495 1020 568 graecae
1042 476 1220 550 vanitatis

145 589 407 689 mendaciaffl.
438 588 561 663 Redeo
594 589 644 663 ad
677 590 938 687 Pythagoreos.
972 594 1149 669 Aelianus
1175 594 1219 669 V.

143 710 197 785 H.
232 711 296 784 IV.
324 712 391 783 ⁴17.
431 711 498 787 τόν
534 711 690 810 σεισμόν
725 712 964 817 Πυθαγόρας
996 715 1220 821 ἐγενεαλόγει

146 832 279 911 οὐδὲν
297 835 383 910 ἄλλο
414 832 508 910 εἶναι
541 831 567 928 ἢ
601 828 767 909 σύνοδον
800 842 879 912 τῶν
911 836 1143 915 τεθνεώτων.
1173 838 1223 915 Ἡ

146 950 192 1029 ds*
218 958 289 1053 ἴρις
314 955 472 1053 ἔφασκεν
497 953 551 1039 ,ὥς
577 952 674 1057 αὐγὴ
695 942 767 1029 τοῦ
792 954 928 1031 Νείλου
950 960 1028 1033 ἐστι
1037 956 1081 1053 [⁰]
1108 958 1172 1034 καὶ
1196 959 1219 1034 ό

146 1069 320 1157 πολλάκις
343 1079 422 1158 τοῖς
447 1066 541 1150 ὠσὶν
568 1072 761 1170 ἐμπίπτων
779 1069 867 1171 ἦχος
881 1077 991 1174 φωνὴ
1007 1086 1086 1154 τῶν
1099 1107 1220 1178 κρειτ-

145 1191 282 1270 τόνιον.
308 1191 432 1290 Atque
457 1190 558 1266 haud
583 1194 661 1265 scio
688 1213 736 1266 an
762 1192 913 1267 eosdem
939 1197 1117 1290 significet
1135 1198 1219 1272 Ari-

145 1313 300 1386 stoteles
324 1312 480 1389 Mctsor.
505 1312 553 1385 11.
578 1313 614 1386 9.
631 1314 693 1386 70.
718 1313 886 1416 γίγνεται
910 1318 1030 1420 πληγὴ
1054 1319 1123 1397 τόν
1148 1323 1219 1397 αὐ-

146 1434 215 1510 τόν
240 1430 402 1541 τρόπον,
429 1432 482 1519 ὥς
506 1430 786 1534 παρεικόοαιβ]
816 1434 960 1533 μείζονι
984 1440 1122 1538 μικρόν
1146 1439 1219 1517 τιό-

147 1559 237 1641 θος,
270 1562 325 1654 τῷ
349 1558 390 1631 ἐν
413 1562 461 1651 τῇ
487 1554 601 1657 φλογὶ
625 1543 815 1656 γενορόνφ
839 1551 976 1654 φόφφ,
1010 1558 1057 1633 ὃν
1081 1561 1220 1635 καλοῦέ

149 1699 211 1750 σιν
236 1676 271 1750 οἱ
295 1673 367 1771 μὲν
391 1671 461 1751 τὸν
474 1672 687 1773 Ἥφαιστον
710 1682 837 1777 γελᾷν,
864 1677 901 1750 οἱ
924 1674 967 1750 δὲ
981 1676 1217 1772 τὴνἘοτόαν,

149 1797 186 1872 οι
210 1793 251 1871 οε
278 1793 431 1889 saorra
455 1791 612 1872 ιοοιων.
648 1792 764 1868 anuo
788 1794 900 1889 nujus
925 1797 1068 1888 genem
1093 1781 1218 1877 exedr-
1244 1799 1245 1802 ‘

148 1914 254 2009 plum
278 1911 493 2012 suppeditat
515 1910 746 2011 Porphyrius
772 1912 816 1986 V.
841 1910 882 1987 P.
907 1913 1049 1989 cXLh
1074 1923 1218 1996 Πυθα-

148 2031 265 2137 γόρας
298 2038 394 2139 ἔλεγε
426 2035 494 2111 τόν
526 2038 566 2112 ἐκ
591 2042 735 2130 χαλκοῦ
756 2037 989 2135 κρουομόνοο
1013 2036 1218 2141 γενόμενον

223 2238 268 2308 [¹¹]
289 2239 429 2291 Celebrant
445 2237 484 2290 illi
502 2255 561 2290 aras
575 2237 731 2303 subdivales,
748 2238 776 2289 in
789 2256 853 2307 quas
871 2256 1003 2309 nunqnamv
1016 2242 1132 2311 iurpluit3
1150 2242 1217 2294 alias

150 2311 219 2362 mida
236 2309 352 2362 {avidam
369 2326 383 2361 e
400 2308 536 2361 sacrificiis
552 2308 669 2361 relictam
686 2308 773 2360 nullus
789 2315 883 2362 ventus
899 2311 1011 2378 disjicit,
1029 2319 1090 2364 sunt
1106 2312 1153 2363 ubi
1170 2312 1216 2364 de-

148 2381 232 2435 dicati
248 2379 327 2432 liores
342 2379 456 2434 nativum
474 2396 578 2434 succum
595 2385 624 2431 et
640 2378 751 2431 colorem
775 2397 822 2449 per
843 2382 972 2450 integrum
994 2393 1087 2436 annum
1110 2398 1216 2434 semare

150 2452 285 2513 nouum
310 2450 421 2532 denique,
435 2450 481 2502 vix
498 2448 548 2502 fnit
564 2449 644 2502 ullum
660 2452 762 2512 fanum,
788 2450 830 2502 oui
848 2468 899 2504 non
916 2451 1015 2521 aliquid
1037 2452 1154 2505 miraculi
1176 2454 1216 2505 In-

151 2524 280 2576 hamera.
304 2521 470 2591 Quapropter
487 2536 538 2571 non
556 2520 607 2574 cito
625 2520 777 2572 crediderim
795 2522 866 2576 Otfr.
880 2522 1017 2588 hasenaro,
1034 2524 1149 2577 fabulam
1160 2523 1216 2592 Ly-

151 2611 241 2645 cacam
258 2591 317 2643 hinc
334 2596 420 2643 natam
438 2590 547 2654 dicenti,
571 2590 640 2659 quod
657 2591 762 2644 Abaton
784 2592 849 2643 illud
872 2592 938 2645 lucis
961 2594 1137 2646 habitaculum
1159 2602 1216 2645 esse

152 2664 317 2724 crederetur,
350 2662 453 2726 „dass
471 2658 626 2713 mandem
643 2662 777 2713 Abaton
795 2662 852 2713 das
870 2662 973 2715 Licht
989 2664 1215 2716 innwohnend

153 2733 319 2801 glaubte·“
340 2732 372 2783 de
389 2731 481 2786 Dorih.
500 2731 535 2783 Τ.
553 2730 588 2784 II.
607 2749 634 2800 p.
653 2730 712 2784 306.
731 2732 800 2800 qood
818 2733 893 2800 qnasi
910 2750 957 2802 pro
974 2751 1003 2786 re
1020 2752 1054 2786 ax
1072 2734 1157 2785 lorata
1173 2751 1215 2784 re-

154 2803 222 2873 petit
238 2802 484 2853 KrnsinsHellas
502 2801 541 2855 T:
552 2800 574 2852 Ι.
589 2819 614 2869 p.
623 2801 643 2853 Ι.
656 2799 717 2853 457.
736 2799 852 2854 suemus
865 2804 891 2853 iu
906 2804 1022 2855 Graecia
1035 2752 1121 2855 Alata
1139 2803 1216 2870 longe

152 2874 272 2945 plurima,
295 2873 339 2923 sed
357 2872 453 2923 nullum
470 2870 498 2923 in
515 2888 565 2940 quo
582 2871 628 2924 lux
645 2872 765 2940 perennis
776 2872 937 2924 Schechinae
955 2874 1039 2925 instar
1055 2873 1216 2928 inhabitasse

153 2945 262 2997 dicatur.
280 2943 341 2995 Non
353 2942 436 3009 magis
448 2958 544 3005 verum,
555 2941 661 3009 adytum
668 2942 809 3008 ingressos,
818 2942 868 2992 nisi
880 2943 1050 3011 aufugissent,
1063 2942 1215 3007 immolatos,

152 3016 279 3085 fugitivos
304 3008 425 3083 ἐλάφους
447 3011 600 3082 appellatos.
616 3028 686 3077 esse,
709 3011 779 3079 quod
799 3011 862 3063 deus
880 3012 932 3063 loci
947 3013 1089 3082 inquilinus
1105 3030 1151 3066 eos
1167 3030 1216 3065 cen

152 3094 257 3139 celsum
273 3084 350 3153 lupus
367 3082 489 3134 insectari
509 3083 657 3150 fingeretur.
693 3081 850 3132 Plutarchus
873 3081 943 3135 clare
966 3083 1030 3135 dicit
1049 3084 1098 3135 hoc
1116 3101 1214 3149 nomen,

153 3174 205 3226 quo
222 3155 302 3222 vulgo
318 3153 402 3206 timidi
418 3158 446 3205 et
468 3155 574 3221 fugaces
597 3151 776 3221 appellantur,
802 3153 884 3220 primo
907 3170 924 3204 a
946 3153 1043 3222 Pythia
1064 3163 1215 3225 usurpatum

152 3245 210 3281 esse
226 3228 255 3280 in
271 3225 374 3277 Arcade
391 3223 502 3294 quodam
517 3223 669 3293 transhrga,
693 3240 768 3293 quern
786 3239 837 3273 non
859 3223 923 3276 deus
946 3223 1066 3292 Lycaeus
1089 3226 1135 3278 ssd
1158 3228 1215 3279 vin-

152 3299 223 3350 dicta
240 3295 334 3348 civium
346 3296 555 3364 'persequebatur
571 3295 623 3347 huc
637 3294 700 3346 illuc
717 3293 879 3362 fugitantem.
913 3293 1009 3348 Festus
1031 3314 1052 3347 s.
1076 3296 1216 3349 Servorum

152 3369 223 3422 dica:
249 3366 296 3418 nu
326 3366 435 3424 itiros
458 3372 585 3418 vocant
608 3381 738 3418 cervos.
773 3364 919 3417 Pausaniae
942 3366 975 3417 de
998 3367 1087 3421 eodem
1109 3367 1215 3436 Lycaeo

153 3440 234 3491 rerba
250 3436 302 3488 VII
320 3477 327 3491 .
345 3434 389 3487 38.
412 3434 556 3496 ἐςελθόνια
574 3431 678 3506 ἀνάγκη
695 3433 779 3489 αὐτὸν
795 3436 920 3490 ἐνιαυτοῦ
941 3431 1035 3509 πρόσω
1058 3436 1098 3510 μὴ
1118 3442 1217 3504 βιῶναι

151 3509 320 3576 Boettigerus
342 3506 370 3557 in
393 3506 491 3561 Coram.
515 3506 548 3558 dc
570 3506 713 3574 Lycsnthr.
736 3507 764 3559 in
786 3505 935 3577 Sprerrgelii
957 3508 1064 3577 symbol.
1088 3508 1122 3561 ad
1145 3509 1216 3561 Hist.

153 3579 225 3631 Med.
242 3580 273 3629 P.
290 3576 326 3629 ΙΙ.
345 3594 370 3646 p.
388 3575 431 3627 33.
456 3577 494 3629 sic
511 3576 610 3629 reddit:
640 3577 687 3628 der
704 3595 773 3646 mnas
789 3578 831 3630 ein
848 3578 913 3631 Jahr
935 3577 997 3648 lang
1020 3596 1068 3632 aus
1091 3579 1137 3631 der
1160 3580 1216 3631 Ge-

153 3648 286 3700 sellschalt
302 3648 350 3699 der
365 3646 534 3716 Lehendigen
551 3645 702 3700 entfliahen!

225 3739 268 3813 [⁰]
293 3744 376 3796 Iidem
392 3744 504 3796 fartam
514 3747 581 3796 ‘sunt
597 3742 630 3794 de
647 3742 742 3809 quihus
757 3742 915 3795 Plutarchus
931 3743 1025 3797 Placit.
1042 3742 1111 3796 Phil.
1125 3740 1176 3793 111.
1191 3740 1215 3792 5.

152 3809 339 3887 ἐμυθεύσαντό
356 3811 528 3902 τινεςιαὺιῂν
551 3813 670 3883 (iridem)
694 3807 795 3883 ταόρου
819 3810 943 3884 κεφαλὴν
959 3815 1078 3883 ἔχουσαν
1095 3810 1213 3882 daucido-
1250 3875 1253 3880 Α
1357 3837 1360 3842 ·

151 3891 220 3958 φεῖν
235 3882 297 3945 τοὺς
312 3903 460 3956 ποταμους.
1048 3936 1050 3940 ,

222 3980 266 4058 [1¹]
293 3981 339 4033 Sic
356 3979 476 4034 emendat
492 3980 523 4031 P.
541 3978 644 4031 Petitus
661 3978 772 4032 Miscell.
790 3977 888 4032 XVIII.
912 3996 937 4048 ρ.
958 3976 1015 4031 136.
