<?xml version="1.0" encoding="UTF-8"?>
<!DOCTYPE html PUBLIC "-//W3C//DTD XHTML 1.0 Transitional//EN"
    "http://www.w3.org/TR/xhtml1/DTD/xhtml1-transitional.dtd">
<html xmlns="http://www.w3.org/1999/xhtml" xml:lang="en" lang="en">
 <head>
  <title>
</title>
<meta http-equiv="Content-Type" content="text/html;charset=utf-8" />
  <meta name='ocr-system' content='tesseract 3.04.00' />
  <meta name='ocr-capabilities' content='ocr_page ocr_carea ocr_par ocr_line ocrx_word'/>
</head>
<body>
  <div class='ocr_page' id='page_1' title='image "aglaophamussive00lobegoog_0622.png"; bbox 0 0 2925 4684; ppageno 0'>
   <div class='ocr_carea' id='block_1_1' title="bbox 598 172 988 252">
    <p class='ocr_par' dir='ltr' id='par_1_1' title="bbox 598 172 988 252">
     <span class='ocr_line' id='line_1_1' title="bbox 598 172 988 252; baseline -0.015 -24"><span class='ocrx_word' id='word_1_1' title='bbox 598 175 742 252; x_wconf 75' lang='lat' dir='ltr'><strong>umus</strong></span> <span class='ocrx_word' id='word_1_2' title='bbox 767 172 988 230; x_wconf 82' lang='lat' dir='ltr'>rnnrros.</span> 
     </span>
    </p>
   </div>
   <div class='ocr_carea' id='block_1_2' title="bbox 200 328 1334 570">
    <p class='ocr_par' dir='ltr' id='par_1_2' title="bbox 200 328 1334 570">
     <span class='ocr_line' id='line_1_2' title="bbox 264 328 1333 436; baseline -0.007 -27"><span class='ocrx_word' id='word_1_3' title='bbox 264 335 330 409; x_wconf 89' lang='lat' dir='ltr'>sed</span> <span class='ocrx_word' id='word_1_4' title='bbox 355 332 542 435; x_wconf 78' lang='lat' dir='ltr'>lllityri[‘]</span> <span class='ocrx_word' id='word_1_5' title='bbox 570 345 727 433; x_wconf 79' lang='lat' dir='ltr'>apparet</span> <span class='ocrx_word' id='word_1_6' title='bbox 750 355 884 405; x_wconf 80' lang='lat' dir='ltr'><strong>sonum</strong></span> <span class='ocrx_word' id='word_1_7' title='bbox 910 335 1049 436; x_wconf 71' lang='grc' dir='ltr'><em>ἄλογον</em></span> <span class='ocrx_word' id='word_1_8' title='bbox 1072 341 1112 401; x_wconf 89' lang='lat' dir='ltr'>et</span> <span class='ocrx_word' id='word_1_9' title='bbox 1135 328 1333 426; x_wconf 76' lang='grc' dir='ltr'><strong><em>παρεμβα-</em></strong></span> 
     </span>
     <span class='ocr_line' id='line_1_3' title="bbox 200 447 1334 570; baseline -0.013 -38"><span class='ocrx_word' id='word_1_10' title='bbox 200 558 208 570; x_wconf 34' lang='lat'><strong>·</strong></span> <span class='ocrx_word' id='word_1_11' title='bbox 265 458 385 553; x_wconf 76' lang='grc' dir='ltr'><strong><em>λοειδῆ</em></strong></span> <span class='ocrx_word' id='word_1_12' title='bbox 411 478 491 528; x_wconf 80' lang='lat' dir='ltr'>este</span> <span class='ocrx_word' id='word_1_13' title='bbox 516 455 746 551; x_wconf 83' lang='lat' dir='ltr'>eundemque</span> <span class='ocrx_word' id='word_1_14' title='bbox 771 458 812 531; x_wconf 70' lang='grc' dir='ltr'>ἐν</span> <span class='ocrx_word' id='word_1_15' title='bbox 825 453 1019 557; x_wconf 72' lang='grc' dir='ltr'><strong><em>καταλόγῳ</em></strong></span> <span class='ocrx_word' id='word_1_16' title='bbox 1033 449 1245 552; x_wconf 62' lang='grc' dir='ltr'>φαρμάκων</span> <span class='ocrx_word' id='word_1_17' title='bbox 1259 447 1334 518; x_wconf 85' lang='lat' dir='ltr'>hoo</span> 
     </span>
    </p>
   </div>
   <div class='ocr_carea' id='block_1_3' title="bbox 266 566 1331 917">
    <p class='ocr_par' dir='ltr' id='par_1_3' title="bbox 266 566 1331 917">
     <span class='ocr_line' id='line_1_4' title="bbox 266 566 1331 674; baseline -0.013 -25"><span class='ocrx_word' id='word_1_18' title='bbox 266 589 322 649; x_wconf 87' lang='lat' dir='ltr'>est</span> <span class='ocrx_word' id='word_1_19' title='bbox 353 579 394 649; x_wconf 91' lang='lat' dir='ltr'>iu</span> <span class='ocrx_word' id='word_1_20' title='bbox 425 598 579 649; x_wconf 90' lang='lat' dir='ltr'>numero</span> <span class='ocrx_word' id='word_1_21' title='bbox 612 597 747 648; x_wconf 90' lang='lat' dir='ltr'><strong>vooum</strong></span> <span class='ocrx_word' id='word_1_22' title='bbox 778 576 1001 668; x_wconf 77' lang='lat' dir='ltr'><strong>magicarum</strong></span> <span class='ocrx_word' id='word_1_23' title='bbox 1028 571 1161 657; x_wconf 84' lang='lat' dir='ltr'><strong>fuisse,</strong></span> <span class='ocrx_word' id='word_1_24' title='bbox 1197 566 1331 674; x_wconf 85' lang='lat' dir='ltr'><strong>quihus</strong></span> 
     </span>
     <span class='ocr_line' id='line_1_5' title="bbox 268 685 1331 804; baseline -0.013 -35"><span class='ocrx_word' id='word_1_25' title='bbox 268 694 387 769; x_wconf 86' lang='lat' dir='ltr'><strong>morbi</strong></span> <span class='ocrx_word' id='word_1_26' title='bbox 419 696 557 792; x_wconf 87' lang='lat' dir='ltr'>pellere</span> <span class='ocrx_word' id='word_1_27' title='bbox 595 694 845 781; x_wconf 73' lang='lat' dir='ltr'>crederentur,</span> <span class='ocrx_word' id='word_1_28' title='bbox 891 695 986 764; x_wconf 81' lang='lat' dir='ltr'>simt</span> <span class='ocrx_word' id='word_1_29' title='bbox 1018 690 1115 804; x_wconf 69' lang='lat' dir='ltr'>uliae</span> <span class='ocrx_word' id='word_1_30' title='bbox 1146 685 1331 759; x_wconf 82' lang='lat' dir='ltr'>formulae</span> 
     </span>
     <span class='ocr_line' id='line_1_6' title="bbox 268 803 1329 917; baseline -0.012 -29"><span class='ocrx_word' id='word_1_31' title='bbox 268 816 572 911; x_wconf 76' lang='lat' dir='ltr'>antipathetimo,</span> <span class='ocrx_word' id='word_1_32' title='bbox 603 815 774 888; x_wconf 75' lang='lat' dir='ltr'><strong>Darios</strong></span> <span class='ocrx_word' id='word_1_33' title='bbox 798 811 1055 885; x_wconf 85' lang='lat' dir='ltr'>Dardaries</span> <span class='ocrx_word' id='word_1_34' title='bbox 1081 808 1207 917; x_wconf 70' lang='lat' dir='ltr'>Iqut</span> <span class='ocrx_word' id='word_1_35' title='bbox 1237 803 1329 877; x_wconf 84' lang='lat' dir='ltr'>Ha-</span> 
     </span>
    </p>
   </div>
   <div class='ocr_carea' id='block_1_4' title="bbox 142 931 1446 1149">
    <p class='ocr_par' dir='ltr' id='par_1_4' title="bbox 142 931 1446 1149">
     <span class='ocr_line' id='line_1_7' title="bbox 142 931 1446 1046; baseline -0.009 -38"><span class='ocrx_word' id='word_1_36' title='bbox 142 1034 147 1046; x_wconf 17' lang='lat'><em>*</em></span> <span class='ocrx_word' id='word_1_37' title='bbox 270 946 367 1023; x_wconf 84' lang='lat' dir='ltr'>nat,</span> <span class='ocrx_word' id='word_1_38' title='bbox 400 934 518 1023; x_wconf 83' lang='lat' dir='ltr'><strong>Hax,</strong></span> <span class='ocrx_word' id='word_1_39' title='bbox 551 934 660 1022; x_wconf 80' lang='lat' dir='ltr'>Pax,</span> <span class='ocrx_word' id='word_1_40' title='bbox 691 934 837 1022; x_wconf 82' lang='lat' dir='ltr'>Deax,</span> <span class='ocrx_word' id='word_1_41' title='bbox 863 931 1080 1017; x_wconf 84' lang='lat' dir='ltr'><strong>Adimax,</strong></span> <span class='ocrx_word' id='word_1_42' title='bbox 1106 941 1144 1001; x_wconf 88' lang='lat' dir='ltr'>et</span> <span class='ocrx_word' id='word_1_43' title='bbox 1169 938 1331 1000; x_wconf 81' lang='lat' dir='ltr'>ueterum</span> <span class='ocrx_word' id='word_1_44' title='bbox 1445 965 1446 982; x_wconf 74' lang='lat'><strong>.</strong></span> 
     </span>
     <span class='ocr_line' id='line_1_8' title="bbox 270 1045 1333 1149; baseline -0.01 -20"><span class='ocrx_word' id='word_1_45' title='bbox 270 1056 465 1149; x_wconf 84' lang='lat' dir='ltr'><strong>mysticum</strong></span> <span class='ocrx_word' id='word_1_46' title='bbox 491 1053 761 1128; x_wconf 80' lang='lat' dir='ltr'>Abreeadabra.</span> <span class='ocrx_word' id='word_1_47' title='bbox 813 1053 947 1125; x_wconf 82' lang='lat' dir='ltr'>Galeri</span> <span class='ocrx_word' id='word_1_48' title='bbox 972 1048 1223 1122; x_wconf 86' lang='lat' dir='ltr'>testimonium</span> <span class='ocrx_word' id='word_1_49' title='bbox 1248 1045 1333 1146; x_wconf 78' lang='grc' dir='ltr'><em>βλί-</em></span> 
     </span>
    </p>
   </div>
   <div class='ocr_carea' id='block_1_5' title="bbox 171 1171 1446 3432">
    <p class='ocr_par' dir='ltr' id='par_1_5' title="bbox 171 1147 1446 3432">
     <span class='ocr_line' id='line_1_9' title="bbox 268 1171 1332 1276; baseline -0.004 -25"><span class='ocrx_word' id='word_1_50' title='bbox 268 1206 354 1276; x_wconf 80' lang='grc' dir='ltr'><strong><em>τυρι</em></strong></span> <span class='ocrx_word' id='word_1_51' title='bbox 388 1188 427 1248; x_wconf 82' lang='lat' dir='ltr'>ot</span> <span class='ocrx_word' id='word_1_52' title='bbox 458 1171 664 1274; x_wconf 73' lang='grc' dir='ltr'><strong><em>σκινδαψὸς</em></strong></span> <span class='ocrx_word' id='word_1_53' title='bbox 696 1175 849 1247; x_wconf 82' lang='lat' dir='ltr'>nomina</span> <span class='ocrx_word' id='word_1_54' title='bbox 880 1171 1105 1270; x_wconf 59' lang='grc' dir='ltr'><em>κρουμάτων</em></span> <span class='ocrx_word' id='word_1_55' title='bbox 1131 1188 1210 1240; x_wconf 78' lang='lat' dir='ltr'>esse</span> <span class='ocrx_word' id='word_1_56' title='bbox 1236 1177 1332 1238; x_wconf 79' lang='lat' dir='ltr'>oete·</span> 
     </span>
     <span class='ocr_line' id='line_1_10' title="bbox 269 1290 1334 1391; baseline -0.011 -24"><span class='ocrx_word' id='word_1_57' title='bbox 269 1317 402 1391; x_wconf 81' lang='lat' dir='ltr'><strong>rosque</strong></span> <span class='ocrx_word' id='word_1_58' title='bbox 427 1296 545 1384; x_wconf 80' lang='lat' dir='ltr'>locos,</span> <span class='ocrx_word' id='word_1_59' title='bbox 569 1297 632 1391; x_wconf 91' lang='lat' dir='ltr'>qui</span> <span class='ocrx_word' id='word_1_60' title='bbox 657 1295 728 1367; x_wconf 84' lang='lat' dir='ltr'>hue</span> <span class='ocrx_word' id='word_1_61' title='bbox 752 1295 961 1391; x_wconf 70' lang='lat' dir='ltr'>pertiuent5</span> <span class='ocrx_word' id='word_1_62' title='bbox 989 1290 1181 1384; x_wconf 77' lang='lat' dir='ltr'>diligenter</span> <span class='ocrx_word' id='word_1_63' title='bbox 1205 1297 1334 1357; x_wconf 84' lang='lat' dir='ltr'>eontu-</span> 
     </span>
     <span class='ocr_line' id='line_1_11' title="bbox 273 1408 1333 1488; baseline -0.009 -2"><span class='ocrx_word' id='word_1_64' title='bbox 273 1416 315 1488; x_wconf 85' lang='lat' dir='ltr'>lit</span> <span class='ocrx_word' id='word_1_65' title='bbox 345 1413 495 1488; x_wconf 88' lang='lat' dir='ltr'>Reiffius</span> <span class='ocrx_word' id='word_1_66' title='bbox 528 1413 576 1487; x_wconf 83' lang='lat' dir='ltr'>od</span> <span class='ocrx_word' id='word_1_67' title='bbox 609 1412 790 1487; x_wconf 89' lang='lat' dir='ltr'>Artemid.</span> <span class='ocrx_word' id='word_1_68' title='bbox 824 1411 886 1485; x_wconf 88' lang='lat' dir='ltr'><strong>IV.</strong></span> <span class='ocrx_word' id='word_1_69' title='bbox 913 1415 947 1485; x_wconf 87' lang='grc'>2.</span> <span class='ocrx_word' id='word_1_70' title='bbox 973 1411 1060 1484; x_wconf 80' lang='lat'><strong>444.</strong></span> <span class='ocrx_word' id='word_1_71' title='bbox 1092 1429 1167 1480; x_wconf 92' lang='lat' dir='ltr'>non</span> <span class='ocrx_word' id='word_1_72' title='bbox 1194 1408 1333 1479; x_wconf 90' lang='lat' dir='ltr'><strong>omisso</strong></span> 
     </span>
     <span class='ocr_line' id='line_1_12' title="bbox 272 1529 1335 1631; baseline -0.009 -23"><span class='ocrx_word' id='word_1_73' title='bbox 272 1557 400 1608; x_wconf 86' lang='lat' dir='ltr'><strong>asemo</strong></span> <span class='ocrx_word' id='word_1_74' title='bbox 426 1533 540 1624; x_wconf 80' lang='grc' dir='ltr'><em>κνάξ,</em></span> <span class='ocrx_word' id='word_1_75' title='bbox 578 1534 676 1607; x_wconf 92' lang='lat' dir='ltr'>unde</span> <span class='ocrx_word' id='word_1_76' title='bbox 701 1531 923 1630; x_wconf 79' lang='lat' dir='ltr'><strong>productum</strong></span> <span class='ocrx_word' id='word_1_77' title='bbox 946 1530 1081 1631; x_wconf 78' lang='grc' dir='ltr'><em>κνάξβι</em></span> <span class='ocrx_word' id='word_1_78' title='bbox 1106 1533 1147 1602; x_wconf 91' lang='lat' dir='ltr'>in</span> <span class='ocrx_word' id='word_1_79' title='bbox 1170 1529 1335 1601; x_wconf 83' lang='lat' dir='ltr'>Milesio-</span> 
     </span>
     <span class='ocr_line' id='line_1_13' title="bbox 171 1647 1335 1751; baseline -0.01 -20"><span class='ocrx_word' id='word_1_80' title='bbox 171 1657 176 1664; x_wconf 74' lang='grc'><em>’</em></span> <span class='ocrx_word' id='word_1_81' title='bbox 271 1679 354 1729; x_wconf 88' lang='lat' dir='ltr'>rum</span> <span class='ocrx_word' id='word_1_82' title='bbox 385 1656 525 1750; x_wconf 84' lang='lat' dir='ltr'><strong>hymno</strong></span> <span class='ocrx_word' id='word_1_83' title='bbox 550 1654 798 1751; x_wconf 75' lang='lat' dir='ltr'>alphabetico,</span> <span class='ocrx_word' id='word_1_84' title='bbox 834 1656 893 1726; x_wconf 84' lang='lat' dir='ltr'>oui</span> <span class='ocrx_word' id='word_1_85' title='bbox 919 1650 1206 1747; x_wconf 78' lang='lat' dir='ltr'>comparandum</span> <span class='ocrx_word' id='word_1_86' title='bbox 1228 1647 1335 1722; x_wconf 88' lang='lat' dir='ltr'>vide-</span> 
     </span>
     <span class='ocr_line' id='line_1_14' title="bbox 273 1768 1335 1870; baseline -0.008 -22"><span class='ocrx_word' id='word_1_87' title='bbox 273 1779 333 1848; x_wconf 87' lang='lat' dir='ltr'>tur</span> <span class='ocrx_word' id='word_1_88' title='bbox 372 1798 517 1848; x_wconf 82' lang='lat' dir='ltr'><strong>sacrum</strong></span> <span class='ocrx_word' id='word_1_89' title='bbox 559 1796 703 1847; x_wconf 81' lang='lat' dir='ltr'>carmen</span> <span class='ocrx_word' id='word_1_90' title='bbox 738 1772 785 1845; x_wconf 94' lang='lat' dir='ltr'>de</span> <span class='ocrx_word' id='word_1_91' title='bbox 818 1795 890 1870; x_wconf 88' lang='lat' dir='ltr'>quo</span> <span class='ocrx_word' id='word_1_92' title='bbox 926 1768 1114 1846; x_wconf 80' lang='lat' dir='ltr'>Charisius</span> <span class='ocrx_word' id='word_1_93' title='bbox 1145 1771 1187 1842; x_wconf 89' lang='lat' dir='ltr'>L.</span> <span class='ocrx_word' id='word_1_94' title='bbox 1218 1769 1263 1840; x_wconf 88' lang='grc' dir='ltr'><strong>Π.</strong></span> <span class='ocrx_word' id='word_1_95' title='bbox 1296 1791 1335 1864; x_wconf 89' lang='lat' dir='ltr'><strong>p.</strong></span> 
     </span>
     <span class='ocr_line' id='line_1_15' title="bbox 273 1889 1337 1988; baseline -0.008 -21"><span class='ocrx_word' id='word_1_96' title='bbox 273 1895 359 1967; x_wconf 88' lang='grc'><strong>216.</strong></span> <span class='ocrx_word' id='word_1_97' title='bbox 384 1896 420 1966; x_wconf 86' lang='grc'><strong>7.</strong></span> <span class='ocrx_word' id='word_1_98' title='bbox 453 1894 714 1968; x_wconf 83' lang='lat' dir='ltr'>Butubatte</span> <span class='ocrx_word' id='word_1_99' title='bbox 748 1895 857 1965; x_wconf 85' lang='lat' dir='ltr'>haee</span> <span class='ocrx_word' id='word_1_100' title='bbox 882 1892 1084 1968; x_wconf 82' lang='lat' dir='ltr'>Plautus</span> <span class='ocrx_word' id='word_1_101' title='bbox 1109 1912 1192 1988; x_wconf 93' lang='lat' dir='ltr'>pro</span> <span class='ocrx_word' id='word_1_102' title='bbox 1216 1889 1337 1960; x_wconf 88' lang='lat' dir='ltr'>nihi-</span> 
     </span>
     <span class='ocr_line' id='line_1_16' title="bbox 274 1996 1336 2109; baseline -0.003 -26"><span class='ocrx_word' id='word_1_103' title='bbox 274 2012 320 2083; x_wconf 90' lang='lat' dir='ltr'>lo</span> <span class='ocrx_word' id='word_1_104' title='bbox 357 2024 402 2083; x_wconf 93' lang='lat' dir='ltr'>et</span> <span class='ocrx_word' id='word_1_105' title='bbox 426 2036 509 2108; x_wconf 92' lang='lat' dir='ltr'>pro</span> <span class='ocrx_word' id='word_1_106' title='bbox 534 2017 668 2106; x_wconf 85' lang='lat' dir='ltr'><strong>nugis</strong></span> <span class='ocrx_word' id='word_1_107' title='bbox 694 2015 874 2109; x_wconf 84' lang='lat' dir='ltr'><strong>posuit,</strong></span> <span class='ocrx_word' id='word_1_108' title='bbox 906 2025 955 2084; x_wconf 87' lang='lat' dir='ltr'>ut</span> <span class='ocrx_word' id='word_1_109' title='bbox 988 2014 1034 2083; x_wconf 91' lang='lat' dir='ltr'>in</span> <span class='ocrx_word' id='word_1_110' title='bbox 1060 2012 1233 2105; x_wconf 80' lang='lat' dir='ltr'>glossis</span> <span class='ocrx_word' id='word_1_111' title='bbox 1264 1996 1336 2082; x_wconf 42' lang='lat' dir='ltr'>v&#39;e-</span> 
     </span>
     <span class='ocr_line' id='line_1_17' title="bbox 275 2130 1337 2229; baseline -0.001 -26"><span class='ocrx_word' id='word_1_112' title='bbox 275 2142 422 2204; x_wconf 90' lang='lat' dir='ltr'>terum</span> <span class='ocrx_word' id='word_1_113' title='bbox 456 2130 661 2204; x_wconf 85' lang='lat' dir='ltr'>Battatti</span> <span class='ocrx_word' id='word_1_114' title='bbox 692 2132 865 2205; x_wconf 84' lang='lat' dir='ltr'>fluctus</span> <span class='ocrx_word' id='word_1_115' title='bbox 899 2131 1081 2229; x_wconf 85' lang='lat' dir='ltr'><strong>quidam</strong></span> <span class='ocrx_word' id='word_1_116' title='bbox 1117 2144 1161 2203; x_wconf 89' lang='lat' dir='ltr'>et</span> <span class='ocrx_word' id='word_1_117' title='bbox 1194 2152 1337 2202; x_wconf 89' lang='lat' dir='ltr'><strong>sonus</strong></span> 
     </span>
     <span class='ocr_line' id='line_1_18' title="bbox 276 2250 1446 2351; baseline -0.01 -25"><span class='ocrx_word' id='word_1_118' title='bbox 276 2252 411 2326; x_wconf 81' lang='lat' dir='ltr'><strong>vocis</strong></span> <span class='ocrx_word' id='word_1_119' title='bbox 443 2250 883 2351; x_wconf 69' lang='lat' dir='ltr'>effoeminatiorffl,</span> <span class='ocrx_word' id='word_1_120' title='bbox 914 2261 964 2323; x_wconf 90' lang='lat' dir='ltr'>ut</span> <span class='ocrx_word' id='word_1_121' title='bbox 988 2254 1097 2324; x_wconf 89' lang='lat' dir='ltr'>esse</span> <span class='ocrx_word' id='word_1_122' title='bbox 1116 2252 1164 2322; x_wconf 91' lang='lat' dir='ltr'>in</span> <span class='ocrx_word' id='word_1_123' title='bbox 1189 2252 1338 2323; x_wconf 82' lang='lat' dir='ltr'><strong>sacris</strong></span> <span class='ocrx_word' id='word_1_124' title='bbox 1445 2281 1446 2314; x_wconf 67' lang='grc'>;</span> 
     </span>
     <span class='ocr_line' id='line_1_19' title="bbox 230 2369 1338 2467; baseline -0.004 -21"><span class='ocrx_word' id='word_1_125' title='bbox 230 2399 234 2406; x_wconf 92' lang='grc'><strong><em>·</em></strong></span> <span class='ocrx_word' id='word_1_126' title='bbox 276 2372 665 2467; x_wconf 82' lang='lat' dir='ltr'>Anagmeuorum,</span> <span class='ocrx_word' id='word_1_127' title='bbox 705 2372 770 2445; x_wconf 88' lang='lat' dir='ltr'>ubi</span> <span class='ocrx_word' id='word_1_128' title='bbox 809 2372 1059 2465; x_wconf 82' lang='lat' dir='ltr'><strong>Anoguiorum</strong></span> <span class='ocrx_word' id='word_1_129' title='bbox 1093 2369 1338 2459; x_wconf 84' lang='lat' dir='ltr'>scribendum,</span> 
     </span>
     <span class='ocr_line' id='line_1_20' title="bbox 277 2490 1340 2566; baseline 0 -4"><span class='ocrx_word' id='word_1_130' title='bbox 277 2513 352 2563; x_wconf 89' lang='lat' dir='ltr'>uon</span> <span class='ocrx_word' id='word_1_131' title='bbox 376 2490 805 2565; x_wconf 82' lang='lat' dir='ltr'>Anaxamentoru&#39;m</span> <span class='ocrx_word' id='word_1_132' title='bbox 828 2491 891 2565; x_wconf 87' lang='lat' dir='ltr'>vel</span> <span class='ocrx_word' id='word_1_133' title='bbox 917 2490 1152 2566; x_wconf 82' lang='lat' dir='ltr'><strong>Saliorum</strong></span> <span class='ocrx_word' id='word_1_134' title='bbox 1179 2512 1340 2562; x_wconf 84' lang='lat' dir='ltr'>anaxa-</span> 
     </span>
     <span class='ocr_line' id='line_1_21' title="bbox 277 2606 1339 2708; baseline -0.001 -26"><span class='ocrx_word' id='word_1_135' title='bbox 277 2612 464 2701; x_wconf 87' lang='lat' dir='ltr'>meutis‚</span> <span class='ocrx_word' id='word_1_136' title='bbox 499 2633 606 2708; x_wconf 9' lang='lat' dir='ltr'>quae.</span> <span class='ocrx_word' id='word_1_137' title='bbox 624 2610 807 2684; x_wconf 89' lang='lat' dir='ltr'><strong>Meursius</strong></span> <span class='ocrx_word' id='word_1_138' title='bbox 838 2613 1033 2708; x_wconf 86' lang='lat' dir='ltr'><strong>proposuit</strong></span> <span class='ocrx_word' id='word_1_139' title='bbox 1064 2612 1222 2686; x_wconf 85' lang='lat' dir='ltr'>Exercit.</span> <span class='ocrx_word' id='word_1_140' title='bbox 1249 2606 1339 2682; x_wconf 83' lang='lat' dir='ltr'>Crit</span> 
     </span>
     <span class='ocr_line' id='line_1_22' title="bbox 279 2729 1340 2831; baseline 0.001 -31"><span class='ocrx_word' id='word_1_141' title='bbox 279 2729 318 2801; x_wconf 90' lang='grc' dir='ltr'>Ρ.</span> <span class='ocrx_word' id='word_1_142' title='bbox 358 2731 404 2802; x_wconf 92' lang='lat' dir='ltr'><strong>II.</strong></span> <span class='ocrx_word' id='word_1_143' title='bbox 438 2756 466 2803; x_wconf 83' lang='lat' dir='ltr'>e.</span> <span class='ocrx_word' id='word_1_144' title='bbox 500 2732 561 2804; x_wconf 85' lang='lat'><strong>28.</strong></span> <span class='ocrx_word' id='word_1_145' title='bbox 601 2732 760 2831; x_wconf 80' lang='lat' dir='ltr'>probate</span> <span class='ocrx_word' id='word_1_146' title='bbox 790 2731 961 2803; x_wconf 82' lang='lat' dir='ltr'>Daoierio</span> <span class='ocrx_word' id='word_1_147' title='bbox 996 2730 1044 2804; x_wconf 84' lang='lat' dir='ltr'>ad</span> <span class='ocrx_word' id='word_1_148' title='bbox 1076 2732 1174 2803; x_wconf 83' lang='lat' dir='ltr'>Fest.</span> <span class='ocrx_word' id='word_1_149' title='bbox 1209 2755 1246 2829; x_wconf 90' lang='lat' dir='ltr'><strong>p.</strong></span> <span class='ocrx_word' id='word_1_150' title='bbox 1278 2731 1340 2802; x_wconf 88' lang='grc'>38.</span> 
     </span>
     <span class='ocr_line' id='line_1_23' title="bbox 278 2849 1341 2949; baseline -0.001 -27"><span class='ocrx_word' id='word_1_151' title='bbox 278 2849 480 2923; x_wconf 77' lang='lat' dir='ltr'>Butubatta</span> <span class='ocrx_word' id='word_1_152' title='bbox 512 2852 623 2945; x_wconf 77' lang='lat' dir='ltr'><strong>igitur</strong></span> <span class='ocrx_word' id='word_1_153' title='bbox 655 2850 855 2949; x_wconf 81' lang='lat' dir='ltr'>respondet</span> <span class='ocrx_word' id='word_1_154' title='bbox 885 2861 1011 2923; x_wconf 86' lang='lat' dir='ltr'>nostro</span> <span class='ocrx_word' id='word_1_155' title='bbox 1045 2852 1221 2940; x_wconf 74' lang='lat' dir='ltr'>Larisam,</span> <span class='ocrx_word' id='word_1_156' title='bbox 1253 2849 1341 2922; x_wconf 85' lang='lat' dir='ltr'>Bat-</span> 
     </span>
     <span class='ocr_line' id='line_1_24' title="bbox 279 2967 1342 3069; baseline -0.005 -25"><span class='ocrx_word' id='word_1_157' title='bbox 279 2972 375 3060; x_wconf 78' lang='lat' dir='ltr'>tatti,</span> <span class='ocrx_word' id='word_1_158' title='bbox 402 2974 473 3044; x_wconf 88' lang='lat' dir='ltr'><strong>uisi</strong></span> <span class='ocrx_word' id='word_1_159' title='bbox 499 2968 695 3045; x_wconf 76' lang='lat' dir='ltr'><strong>Cossorum</strong></span> <span class='ocrx_word' id='word_1_160' title='bbox 721 2993 797 3046; x_wconf 84' lang='lat' dir='ltr'>vox</span> <span class='ocrx_word' id='word_1_161' title='bbox 823 2982 889 3060; x_wconf 85' lang='lat' dir='ltr'>est,</span> <span class='ocrx_word' id='word_1_162' title='bbox 914 2971 1207 3069; x_wconf 80' lang='lat' dir='ltr'>epiphonematis</span> <span class='ocrx_word' id='word_1_163' title='bbox 1226 2967 1342 3041; x_wconf 89' lang='lat' dir='ltr'>modo</span> 
     </span>
     <span class='ocr_line' id='line_1_25' title="bbox 283 3090 1345 3187; baseline -0.004 -24"><span class='ocrx_word' id='word_1_164' title='bbox 283 3103 499 3187; x_wconf 82' lang='lat' dir='ltr'><strong>usurpatum</strong></span> <span class='ocrx_word' id='word_1_165' title='bbox 522 3091 689 3180; x_wconf 86' lang='lat' dir='ltr'>videtur,</span> <span class='ocrx_word' id='word_1_166' title='bbox 720 3092 787 3164; x_wconf 85' lang='lat' dir='ltr'>illa</span> <span class='ocrx_word' id='word_1_167' title='bbox 812 3104 935 3165; x_wconf 83' lang='lat' dir='ltr'>nutem</span> <span class='ocrx_word' id='word_1_168' title='bbox 960 3092 1189 3164; x_wconf 87' lang='lat' dir='ltr'><strong>Milesiorum</strong></span> <span class='ocrx_word' id='word_1_169' title='bbox 1213 3090 1345 3162; x_wconf 81' lang='lat' dir='ltr'>litania</span> 
     </span>
     <span class='ocr_line' id='line_1_26' title="bbox 283 3208 1446 3308; baseline 0 -27"><span class='ocrx_word' id='word_1_170' title='bbox 283 3234 304 3281; x_wconf 94' lang='lat' dir='ltr'>e</span> <span class='ocrx_word' id='word_1_171' title='bbox 336 3212 529 3285; x_wconf 84' lang='lat' dir='ltr'><strong>vocabulis</strong></span> <span class='ocrx_word' id='word_1_172' title='bbox 563 3213 698 3302; x_wconf 78' lang='lat' dir='ltr'><strong>osemis</strong></span> <span class='ocrx_word' id='word_1_173' title='bbox 727 3213 944 3306; x_wconf 81' lang='lat' dir='ltr'>joculariter</span> <span class='ocrx_word' id='word_1_174' title='bbox 976 3212 1179 3308; x_wconf 80' lang='lat' dir='ltr'><strong>composita</strong></span> <span class='ocrx_word' id='word_1_175' title='bbox 1212 3221 1267 3283; x_wconf 89' lang='lat' dir='ltr'>est</span> <span class='ocrx_word' id='word_1_176' title='bbox 1292 3208 1345 3282; x_wconf 84' lang='lat' dir='ltr'>od</span> <span class='ocrx_word' id='word_1_177' title='bbox 1445 3303 1446 3308; x_wconf 6' lang='grc' dir='ltr'><strong>Ἰ</strong></span> 
     </span>
     <span class='ocr_line' id='line_1_27' title="bbox 248 3327 1446 3432; baseline -0.001 -31"><span class='ocrx_word' id='word_1_178' title='bbox 248 3382 252 3391; x_wconf 82' lang='lat'><strong>.</strong></span> <span class='ocrx_word' id='word_1_179' title='bbox 284 3330 494 3427; x_wconf 86' lang='lat' dir='ltr'>exemplum</span> <span class='ocrx_word' id='word_1_180' title='bbox 520 3333 720 3405; x_wconf 78' lang='lat' dir='ltr'>carminum</span> <span class='ocrx_word' id='word_1_181' title='bbox 747 3334 981 3426; x_wconf 80' lang='lat' dir='ltr'><strong>magicorum.</strong></span> <span class='ocrx_word' id='word_1_182' title='bbox 1007 3330 1105 3426; x_wconf 78' lang='lat' dir='ltr'><strong>Orig.</strong></span> <span class='ocrx_word' id='word_1_183' title='bbox 1131 3355 1160 3405; x_wconf 81' lang='lat' dir='ltr'><strong>c.</strong></span> <span class='ocrx_word' id='word_1_184' title='bbox 1187 3327 1280 3403; x_wconf 84' lang='lat' dir='ltr'><strong>Cels.</strong></span> <span class='ocrx_word' id='word_1_185' title='bbox 1299 3328 1345 3401; x_wconf 86' lang='lat' dir='ltr'><strong>L.</strong></span> <span class='ocrx_word' id='word_1_186' title='bbox 1445 3405 1446 3432; x_wconf 17' lang='lat' dir='ltr'><strong>p</strong></span> 
     </span>
    </p>
   </div>
   <div class='ocr_carea' id='block_1_6' title="bbox 284 3531 1446 4030">
    <p class='ocr_par' dir='ltr' id='par_1_6' title="bbox 284 3531 1446 3729">
     <span class='ocr_line' id='line_1_28' title="bbox 356 3531 1446 3609; baseline 0.001 -23"><span class='ocrx_word' id='word_1_187' title='bbox 356 3531 402 3603; x_wconf 67' lang='lat' dir='ltr'>[d]</span> <span class='ocrx_word' id='word_1_188' title='bbox 427 3534 516 3589; x_wconf 77' lang='lat' dir='ltr'>Simile</span> <span class='ocrx_word' id='word_1_189' title='bbox 533 3536 636 3588; x_wconf 84' lang='lat' dir='ltr'>videtur</span> <span class='ocrx_word' id='word_1_190' title='bbox 653 3533 763 3609; x_wconf 77' lang='lat' dir='ltr'>tdyvpt,</span> <span class='ocrx_word' id='word_1_191' title='bbox 780 3538 941 3592; x_wconf 79' lang='lat' dir='ltr'>titivillitium</span> <span class='ocrx_word' id='word_1_192' title='bbox 960 3537 1116 3607; x_wconf 73' lang='lat' dir='ltr'>significans.</span> <span class='ocrx_word' id='word_1_193' title='bbox 1134 3537 1252 3592; x_wconf 75' lang='lat' dir='ltr'>obscure</span> <span class='ocrx_word' id='word_1_194' title='bbox 1270 3534 1345 3587; x_wconf 85' lang='lat' dir='ltr'>Pho-</span> <span class='ocrx_word' id='word_1_195' title='bbox 1445 3539 1446 3554; x_wconf 80' lang='lat'>³</span> 
     </span>
     <span class='ocr_line' id='line_1_29' title="bbox 284 3601 1446 3729; baseline 0.003 -70"><span class='ocrx_word' id='word_1_196' title='bbox 284 3607 337 3659; x_wconf 77' lang='lat' dir='ltr'>tius</span> <span class='ocrx_word' id='word_1_197' title='bbox 352 3607 515 3729; x_wconf 52' lang='lat' dir='ltr'>Nsfllpptroo</span> <span class='ocrx_word' id='word_1_198' title='bbox 532 3604 611 3676; x_wconf 77' lang='grc' dir='ltr'>φωνὴ</span> <span class='ocrx_word' id='word_1_199' title='bbox 628 3601 739 3677; x_wconf 72' lang='grc' dir='ltr'><strong>ἄσημος.</strong></span> <span class='ocrx_word' id='word_1_200' title='bbox 1445 3635 1446 3670; x_wconf 75' lang='grc'>;</span> 
     </span>
    </p>

    <p class='ocr_par' dir='ltr' id='par_1_7' title="bbox 285 3672 1446 4030">
     <span class='ocr_line' id='line_1_30' title="bbox 355 3672 1446 3747; baseline -0.003 -19"><span class='ocrx_word' id='word_1_201' title='bbox 355 3676 399 3746; x_wconf 78' lang='lat'>[⁰]</span> <span class='ocrx_word' id='word_1_202' title='bbox 459 3693 508 3729; x_wconf 89' lang='lat' dir='ltr'>uuo</span> <span class='ocrx_word' id='word_1_203' title='bbox 525 3676 624 3729; x_wconf 87' lang='lat' dir='ltr'>demum</span> <span class='ocrx_word' id='word_1_204' title='bbox 640 3678 716 3729; x_wconf 79' lang='lat' dir='ltr'>video</span> <span class='ocrx_word' id='word_1_205' title='bbox 738 3678 792 3747; x_wconf 80' lang='lat' dir='ltr'>jero</span> <span class='ocrx_word' id='word_1_206' title='bbox 815 3677 960 3747; x_wconf 81' lang='lat' dir='ltr'>Soysertum</span> <span class='ocrx_word' id='word_1_207' title='bbox 983 3678 1011 3730; x_wconf 90' lang='lat' dir='ltr'>in</span> <span class='ocrx_word' id='word_1_208' title='bbox 1035 3677 1149 3730; x_wconf 79' lang='lat' dir='ltr'><strong>Gramm.</strong></span> <span class='ocrx_word' id='word_1_209' title='bbox 1172 3676 1225 3728; x_wconf 80' lang='lat' dir='ltr'>Lot</span> <span class='ocrx_word' id='word_1_210' title='bbox 1247 3672 1282 3726; x_wconf 87' lang='grc' dir='ltr'>Τ.</span> <span class='ocrx_word' id='word_1_211' title='bbox 1307 3673 1346 3725; x_wconf 89' lang='grc' dir='ltr'><strong>Π.</strong></span> <span class='ocrx_word' id='word_1_212' title='bbox 1445 3675 1446 3684; x_wconf 76' lang='grc'>’</span> 
     </span>
     <span class='ocr_line' id='line_1_31' title="bbox 285 3743 1349 3817; baseline -0.004 -19"><span class='ocrx_word' id='word_1_213' title='bbox 285 3745 345 3798; x_wconf 78' lang='grc'><strong>801.</strong></span> <span class='ocrx_word' id='word_1_214' title='bbox 370 3763 490 3815; x_wconf 77' lang='lat' dir='ltr'>graecum</span> <span class='ocrx_word' id='word_1_215' title='bbox 508 3764 598 3800; x_wconf 86' lang='lat' dir='ltr'>nomen</span> <span class='ocrx_word' id='word_1_216' title='bbox 620 3747 742 3800; x_wconf 82' lang='lat' dir='ltr'>Battolus</span> <span class='ocrx_word' id='word_1_217' title='bbox 766 3755 941 3817; x_wconf 78' lang='lat' dir='ltr'><strong>comparasse,</strong></span> <span class='ocrx_word' id='word_1_218' title='bbox 965 3746 998 3800; x_wconf 87' lang='lat' dir='ltr'>de</span> <span class='ocrx_word' id='word_1_219' title='bbox 1021 3764 1072 3816; x_wconf 89' lang='lat' dir='ltr'>quo</span> <span class='ocrx_word' id='word_1_220' title='bbox 1096 3747 1149 3799; x_wconf 69' lang='lat' dir='ltr'>vid.v</span> <span class='ocrx_word' id='word_1_221' title='bbox 1173 3744 1286 3797; x_wconf 74' lang='lat' dir='ltr'><strong>casaub.</strong></span> <span class='ocrx_word' id='word_1_222' title='bbox 1311 3743 1349 3795; x_wconf 80' lang='lat' dir='ltr'>od</span> 
     </span>
     <span class='ocr_line' id='line_1_32' title="bbox 286 3813 1349 3887; baseline -0.003 -19"><span class='ocrx_word' id='word_1_223' title='bbox 286 3816 393 3870; x_wconf 80' lang='lat' dir='ltr'>Sueten.</span> <span class='ocrx_word' id='word_1_224' title='bbox 410 3835 437 3886; x_wconf 90' lang='lat' dir='ltr'>p.</span> <span class='ocrx_word' id='word_1_225' title='bbox 455 3814 515 3870; x_wconf 75' lang='lat'><strong>453.</strong></span> <span class='ocrx_word' id='word_1_226' title='bbox 538 3818 648 3887; x_wconf 79' lang='lat' dir='ltr'>Teylor.</span> <span class='ocrx_word' id='word_1_227' title='bbox 665 3819 787 3887; x_wconf 80' lang='lat' dir='ltr'>Prolegg.</span> <span class='ocrx_word' id='word_1_228' title='bbox 804 3819 837 3871; x_wconf 81' lang='lat' dir='ltr'>ad</span> <span class='ocrx_word' id='word_1_229' title='bbox 854 3818 927 3871; x_wconf 86' lang='lat' dir='ltr'>Denr.</span> <span class='ocrx_word' id='word_1_230' title='bbox 950 3836 976 3887; x_wconf 88' lang='lat' dir='ltr'>p.</span> <span class='ocrx_word' id='word_1_231' title='bbox 995 3815 1056 3870; x_wconf 70' lang='lat'><strong>742.</strong></span> <span class='ocrx_word' id='word_1_232' title='bbox 1081 3816 1117 3868; x_wconf 84' lang='lat' dir='ltr'><strong>T.</strong></span> <span class='ocrx_word' id='word_1_233' title='bbox 1136 3815 1206 3866; x_wconf 90' lang='lat' dir='ltr'><strong>VIII.</strong></span> <span class='ocrx_word' id='word_1_234' title='bbox 1230 3831 1280 3866; x_wconf 86' lang='lat' dir='ltr'>neo</span> <span class='ocrx_word' id='word_1_235' title='bbox 1304 3813 1349 3865; x_wconf 92' lang='lat' dir='ltr'>di·</span> 
     </span>
     <span class='ocr_line' id='line_1_33' title="bbox 286 3883 1349 3956; baseline -0.001 -21"><span class='ocrx_word' id='word_1_236' title='bbox 286 3889 340 3937; x_wconf 80' lang='lat' dir='ltr'>stet</span> <span class='ocrx_word' id='word_1_237' title='bbox 356 3886 460 3941; x_wconf 85' lang='lat' dir='ltr'>multum</span> <span class='ocrx_word' id='word_1_238' title='bbox 477 3888 600 3942; x_wconf 78' lang='lat' dir='ltr'>Battnoes</span> <span class='ocrx_word' id='word_1_239' title='bbox 617 3899 644 3942; x_wconf 88' lang='lat' dir='ltr'>et</span> <span class='ocrx_word' id='word_1_240' title='bbox 660 3891 833 3953; x_wconf 81' lang='lat' dir='ltr'>Battubaoes,</span> <span class='ocrx_word' id='word_1_241' title='bbox 854 3887 998 3956; x_wconf 80' lang='lat' dir='ltr'>Archignlli</span> <span class='ocrx_word' id='word_1_242' title='bbox 1021 3904 1119 3942; x_wconf 89' lang='lat' dir='ltr'>nornen.</span> <span class='ocrx_word' id='word_1_243' title='bbox 1137 3903 1162 3939; x_wconf 86' lang='lat' dir='ltr'><strong>v.</strong></span> <span class='ocrx_word' id='word_1_244' title='bbox 1179 3883 1291 3938; x_wconf 83' lang='lat' dir='ltr'>Wersel.</span> <span class='ocrx_word' id='word_1_245' title='bbox 1310 3883 1349 3935; x_wconf 75' lang='lat' dir='ltr'>ed</span> 
     </span>
     <span class='ocr_line' id='line_1_34' title="bbox 286 3955 1280 4030; baseline 0.012 -24"><span class='ocrx_word' id='word_1_246' title='bbox 286 3955 363 4008; x_wconf 89' lang='lat' dir='ltr'><strong>Diod.</strong></span> <span class='ocrx_word' id='word_1_247' title='bbox 381 3957 487 4027; x_wconf 75' lang='lat' dir='ltr'><strong>Frugrn.</strong></span> <span class='ocrx_word' id='word_1_248' title='bbox 505 3958 539 4011; x_wconf 81' lang='lat' dir='ltr'><strong>L.</strong></span> <span class='ocrx_word' id='word_1_249' title='bbox 554 3959 676 4014; x_wconf 76' lang='lat' dir='ltr'><strong>XXXVI.</strong></span> <span class='ocrx_word' id='word_1_250' title='bbox 694 3977 720 4030; x_wconf 89' lang='lat' dir='ltr'><strong>p.</strong></span> <span class='ocrx_word' id='word_1_251' title='bbox 739 3958 801 4012; x_wconf 80' lang='grc'><strong>360.</strong></span> <span class='ocrx_word' id='word_1_252' title='bbox 819 3959 854 4013; x_wconf 87' lang='grc' dir='ltr'><strong>Τ.</strong></span> <span class='ocrx_word' id='word_1_253' title='bbox 871 3958 904 4013; x_wconf 85' lang='grc' dir='ltr'><strong>Χ.</strong></span> <span class='ocrx_word' id='word_1_254' title='bbox 1274 3993 1280 4006; x_wconf 84' lang='grc'><em>·</em></span> 
     </span>
    </p>
   </div>
   <div class='ocr_carea' id='block_1_7' title="bbox 0 0 1493 4684">
    <p class='ocr_par' dir='ltr' id='par_1_8' title="bbox 0 0 1493 4684">
     <span class='ocr_line' id='line_1_35' title="bbox 0 0 1493 4684; baseline 0 0"><span class='ocrx_word' id='word_1_255' title='bbox 0 0 1493 4684; x_wconf 95' lang='lat' dir='ltr'> </span> 
     </span>
    </p>
   </div>
  </div>
 </body>
</html>
