2925 4684
246 244 348 324 12oe
574 259 719 317 nrm
750 260 974 317 nunus

241 415 1194 519 remurmuratione
1244 420 1316 493 ua

239 560 334 619 vero
363 534 583 613 cunum
606 538 785 628 nomine,
815 559 911 635 que
935 536 1108 615 linear
1132 536 1315 636 prodidit¹

239 672 366 759 ntrurn
399 659 442 735 in
464 658 654 752 mysterii·
677 656 818 733 tradite
841 669 880 729 et
902 678 1052 756 semper
1075 657 1313 733 neufre-

238 782 335 871 1int‚
367 800 417 853 nn
448 798 538 853 reru
570 776 1313 852 autnoerdotumerbitriireliotem-

238 922 333 1001 pore
356 898 432 973 alie
454 896 657 988 salumin,
681 897 927 994 injudicatum
949 898 1203 995 reliurplinm
1237 899 1315 972 Sed

238 1017 334 1095 iliud
360 1020 425 1096 vix
449 1014 613 1095 daunai
635 1029 780 1116 potest,
805 1019 896 1114 quin
919 1017 1130 1092 semdotes
1155 1018 1312 1092 deorum

236 1158 456 1236 memorum
480 1134 613 1211 leudes
636 1139 846 1227 moerim
871 1139 953 1213 vim
977 1151 1017 1211 et
1034 1138 1311 1236 providentiam

236 1257 550 1360 praedieeverint3
586 1254 628 1331 id
668 1260 769 1333 enirn
807 1270 888 1331 turn
921 1260 1087 1333 omnium
1122 1281 1311 1333 sectorum

237 1388 496 1476 argumentum
529 1399 724 1451 eommune
758 1389 816 1451 ert
840 1390 920 1451 turn
945 1380 1110 1452 maxime
1136 1380 1310 1453 solemni·

236 1498 307 1575 bur
332 1520 462 1574 eornm
486 1501 682 1577 numinum
706 1499 900 1588 convenit,
925 1519 1021 1595 quae
1045 1499 1203 1572 cultores
1221 1520 1308 1573 suos
1389 1490 1391 1495 '

237 1620 460 1696 emnximir
485 1620 660 1719 periuriis
684 1620 829 1717 eripere
853 1617 1110 1710 crederentur,
1133 1642 1307 1717 quorum·
1439 1686 1441 1743 i

236 1762 309 1841 que
341 1742 511 1840 potentie
541 1752 598 1817 tot
622 1739 760 1815 mbniir
785 1739 914 1836 pictis,
949 1750 1008 1812 tot
1031 1732 1170 1837 amplis
1195 1739 1306 1813 done-

233 1861 321 1952 riis,
346 1871 403 1936 tot
427 1859 550 1937 samoe
574 1860 763 1935 miramln
787 1868 924 1933 testato
949 1872 1056 1933 esset
1094 1860 1232 1956 quue.
1249 1882 1301 1933 re

235 1980 325 2057 ferri
358 1991 515 2079 ponunt
548 1979 681 2055 Geloni
713 1977 847 2069 verbe,
872 2000 967 2075 quae
992 2000 1106 2078 supra
1129 1978 1241 2052 retuli
1263 1977 1303 2049 L.

234 2098 326 2199 [ρ.
352 2098 414 2173 63.
447 2119 494 2172 ee
523 2119 618 2196 quse
649 2100 690 2171 in
721 2099 836 2172 serris
862 2098 1128 2173 Samothreriis
1153 2108 1302 2194 agunmr

235 2226 275 2293 et
309 2214 480 2293 dieamm
503 2260 555 2279 --
580 2217 629 2296 τὰ
652 2215 832 2320 δρώμενα
855 2219 921 2297 καὶ
945 2218 1127 2325 λεγόμενα
1150 2263 1202 2274 -
1224 2227 1298 2287 tum

234 2346 375 2413 attente
399 2360 423 2412 e
447 2336 701 2436 praesentibus
727 2337 919 2415 observari
941 2349 1021 2415 tum
1047 2337 1297 2433 adeguoseen

235 2454 323 2533 dnm
350 2453 470 2535 divini
494 2459 657 2534 numinis
681 2459 957 2558 providentiam
981 2459 1150 2532 nonnihil
1169 2455 1325 2532 valere.¹

233 2575 311 2652 Sed
350 2598 566 2677 quoeunque
606 2577 755 2653 demum
796 2578 910 2656 modo
952 2579 1047 2656 illud
1089 2577 1304 2672 ambiguum

232 2718 371 2771 nomen
410 2696 457 2775 τὰ
498 2697 677 2802 λεγόμενα
715 2700 933 2796 accipietur,
969 2700 1040 2773 hoe
1072 2709 1169 2772 oerte
1201 2698 1304 2781 nullo

232 2826 344 2918 paeto
370 2813 502 2915 efficiet
527 2828 569 2890 ut
593 2815 868 2916 Hierophantns
895 2817 941 2893 de
960 2824 1082 2892 rerum
1099 2818 1305 2915 principiis,

233 2935 282 3012 de
306 2948 439 3012 nature
465 2934 538 3027 dei,
565 2935 614 3010 de
638 2937 921 3012 immortalitate
946 2939 1157 3011 animorum
1183 2950 1222 3028 et
1246 2961 1304 3010 ee-

232 3058 321 3133 teris
343 3054 467 3146 rebus,
491 3034 586 3154 quus
611 3054 802 3132 doetrinae
828 3050 1007 3154 mystieoe
1022 3044 1190 3132 centones
1205 3078 1304 3130 oom-

231 3177 488 3267 miniseuntur,
514 3173 731 3251 disseruisse
756 3188 940 3276 putemus.
977 3174 1076 3267 Quid
1096 3179 1179 3271 jem
1205 3198 1304 3251 eom-

230 3314 435 3370 memorem
461 3313 571 3393 quom
597 3297 730 3371 inutile
755 3300 805 3371 sit
824 3297 871 3372 ed
890 3298 981 3371 haee
999 3295 1195 3395 probanda
1209 3295 1302 3368 Dio-

231 3412 314 3488 dori
338 3413 610 3506 testimonium,
636 3416 737 3512 qued
762 3420 866 3515 prins
892 3420 1051 3515 apposui
1074 3441 1113 3515 p.
1138 3417 1201 3490 46.
1234 3415 1302 3489 Sa·

229 3528 434 3611 mothroeie
457 3556 590 3610 ereans
616 3538 679 3635 qui
703 3538 937 3635 participent,
957 3538 1134 3632 justiores
1147 3537 1239 3608 fieri
1264 3547 1302 3607 et

229 3654 279 3731 ed
305 3674 453 3757 omnem
477 3654 579 3730 sitae
592 3655 786 3731 ,rationem
811 3658 983 3733 meliores
1010 3658 1301 3752 religionumque

230 3774 538 3877 observantiores.
572 3762 633 3851 'nl
659 3777 759 3852 enirn
784 3776 832 3850 de
858 3776 1029 3853 omnibus
1054 3778 1168 3852 enoris
1192 3796 1300 3874 prae

229 3892 345 3969 diceri
369 3907 511 3994 potest,
537 3918 631 3998 quoe
655 3896 850 3975 hominum
875 3919 1005 3972 sensus
1030 3899 1179 3993 gravius
1201 3916 1301 3969 eom-

229 4023 514 4115 moventurque
534 4016 633 4094 hond
655 4020 732 4093 seio
755 4040 804 4093 en
828 4017 970 4092 nullum
996 4031 1072 4092 tam
1098 4014 1202 4106 rude,
1222 4027 1299 4089 tam
