2925 4684
436 316 439 321 f
474 253 813 311 stno'rnrucm.
1084 246 1179 322 1281
1258 241 1261 247 ’

101 411 339 508 antiquitatis
371 409 572 497 memoria,
612 420 811 509 antequam
829 390 969 487 ‘literis‘
986 416 1195 494 rnarnareae

100 543 176 621 tur,
200 554 270 630 per
294 529 403 602 latios
429 529 682 629 nutricum·[¹²]
704 539 747 603 'et
771 532 1005 630 vespertinos
1021 558 1178 614 avorum
1204 528 1209 535 ’

99 649 355 724 sermunculos
381 646 430 722 ad
456 650 712 747 posteritatem
738 661 946 748 propagata
971 663 1010 726 et
1034 654 1083 729 ab
1100 680 1179 733 om-

98 770 211 845 nibus
243 781 369 853 Sancte
401 770 631 881 integreque,
662 768 782 845 veluti
813 769 1177 869 fideicommissum,
1294 811 1298 818 ·

99 901 322 965 conservata
345 889 486 961 fuisset
536 887 665 987 Neque
689 890 814 964 solum
838 893 1033 990 popularis
1054 895 1178 973 fernae
1311 970 1313 973 ,

98 1010 345 1111 constantiam
379 1009 521 1083 nullam
556 1006 763 1083 sedetiam
789 1018 984 1108 poetarum
1011 1017 1176 1113 111111·Ι
1208 1005 1211 1011 ’

97 1130 322 1229 graphorum
339 1130 536 1217 vlicentiam
562 1150 747 1204 summam
768 1132 883 1206 fuisse
896 1143 1079 1208 testantur
1092 1138 1174 1212 vul-

98 1254 202 1346 garia
234 1249 448 1351 proverbia:
494 1246 613 1337 Quid
647 1270 744 1322 cum
779 1249 882 1340 fide
913 1256 1096 1349 poetisi
1136 1269 1175 1330 et

62 1425 64 1430 -
99 1369 222 1461 Quid
262 1393 353 1443 non
394 1369 594 1442 Graecia
633 1367 828 1457 mendax
859 1358 1001 1445 audet
1031 1374 1077 1445 in
1108 1376 1173 1448 hi-

89 1491 289 1599 storiis?
314 1492 445 1587 Itaque
469 1489 585 1561 satius
611 1486 786 1563 duximus
810 1503 979 1566 veterum
1007 1497 1173 1568 testimo-
1291 1543 1299 1565 f

96 1615 170 1686 niis
212 1622 251 1695 ¹ot
288 1613 321 1684 si
356 1607 446 1707 quid
479 1631 528 1681 ex
556 1608 616 1680 his
646 1612 853 1685 necessaria
885 1616 1172 1709 consequutione

98 1732 270 1819 efficitur,
297 1729 544 1825 acquiescere3
570 1725 660 1824 quid
685 1729 788 1802 mille
813 1733 920 1803 annis
945 1743 1031 1804 ante
1057 1733 1170 1807 oredi-

97 1864 177 1951 tom
204 1852 253 1922 sit
292 1857 330 1919 et
355 1845 444 1945 quid
468 1849 509 1919 in
532 1849 666 1920 intimo
692 1851 924 1948 antiquitatis
948 1874 1093 1927 recessu
1117 1854 1171 1927 la-
1252 1862 1259 1874 *

36 1961 38 1965 ’
98 1982 196 2060 teat,
226 1970 330 2042 scire
369 1986 496 2039 eornm
538 1977 614 2058 est,
649 1969 714 2065 qui
749 1970 916 2045 omnium
950 1971 1170 2068 opinionum

64 2120 66 2123 ’
96 2093 339 2166 humanarum
380 2086 565 2160 scatebras
601 2086 673 2160 sibi
705 2110 816 2163 nosse
847 2089 1033 2165 videntur.
1090 2093 1168 2168 Nos

96 2213 194 2284 enim
233 2230 325 2284 vero
361 2206 489 2280 adulto
518 2208 598 2302 jam
632 2209 734 2280 amni
768 2218 806 2282 et
837 2231 862 2312 a
892 2209 1058 2285 fontibus
1090 2217 1168 2288 suis

94 2333 203 2424 longe
228 2326 374 2427 dilapso
401 2329 643 2416 occurrimus,
675 2329 739 2423 qui
763 2337 962 2425 poetarum
986 2343 1024 2404 et
1047 2335 1167 2429 perie-

96 2461 281 2546 getarum,
319 2446 578 2519 historicorum
598 2457 649 2548 ¹et
680 2450 1001 2541 grammaticorum
1034 2452 1166 2527 rivulis
1204 2511 1207 2516 .

0 2613 1 2616 ¹
57 2594 60 2601 ’
95 2570 281 2645 incitatus
299 2587 418 2664 pauca
451 2576 563 2662 atque
586 2564 788 2645 indiscreta
812 2573 949 2646 veteris
974 2572 1059 2648 aevi
1084 2594 1165 2648 mo·

95 2684 260 2764 nimenta
283 2689 456 2761 torrentis
481 2685 609 2761 instar
622 2687 824 2785 provolvit.
853 2756 855 2761 .

554 2995 587 3094 1.
642 2996 699 3068 re.

191 3201 381 3300 Expositis
417 3210 586 3275 veterum
621 3199 812 3273 sententiis
845 3197 1063 3298 redditaque
1094 3222 1161 3273 no-

93 3325 159 3396 stri
191 3323 336 3396 oonsilii
368 3321 512 3394 ratione
543 3341 623 3392 rem
654 3321 776 3417 ipsam
811 3318 1024 3393 adoriamur
1049 3332 1087 3393 et
1112 3319 1169 3393 de

94 3444 352 3533 mysteriorum
371 3439 710 3514 Samothraciorum
737 3442 963 3535 argumentis
989 3439 1077 3538 quid
1098 3464 1160 3513 ex-

93 3559 329 3634 istimandum
356 3562 425 3651 sit,
457 3561 661 3634 accuratius
686 3560 970 3634 consideremus.
1020 3558 1160 3634 Notum

95 3686 150 3751 est
191 3689 314 3750 sutem
356 3682 547 3771 omnibus,
579 3680 650 3756 hoc
682 3703 814 3755 saxum
844 3683 923 3775 jam
956 3680 1020 3753 diu
1053 3679 1161 3754 volvi

142 3880 219 3951 ·[²¹]
251 3881 309 3955 Has
336 3882 391 3950 jam
418 3883 478 3936 olim
503 3884 688 3954 mythologism
713 3887 842 3936 1111111111
865 3887 976 3954 apparet
1000 3865 1156 3933 &Platonis

21 3974 23 3987 ¹
97 3950 160 4022 nep.
178 3953 200 4004 1.
218 3947 278 4004 350.
296 3950 330 4003 1).
348 3948 434 4022 ὥςπερ
452 3957 509 4016 ταῖς
524 3957 626 4024 γραυσὶ
643 3959 701 4014 ταῖς
717 3951 779 4015 τοὺς
795 3949 901 4021 piscor
918 3946 1074 4023 tepescere,
1092 3943 1155 4017 εἶεν,
1221 3960 1223 3965 ’

97 4022 147 4110 ipsi
163 4023 210 4095 cet
221 4014 428 4093 antrustionum
445 4026 491 4075 rat
508 4020 700 4096 orsrsisopm.
794 4021 797 4027 '
