2925 4684
256 242 357 319 1202
590 253 735 311 trouu
765 252 984 311 ruamus.
1077 232 1079 235 ’
1332 290 1340 333 2
1447 284 1448 347 i

166 459 170 467 ι
250 439 343 493 nens
367 427 543 513 tauquam
567 411 701 487 eodem
724 411 955 488 sacrificandi
978 436 1112 510 genere
1125 435 1225 488 mos.
1248 416 1319 488 llo
1349 372 1352 377 Ι
1447 378 1448 417 ³

121 550 124 555 '
250 558 447 613 manamm
470 554 562 609 vcro
587 554 712 608 rerum
736 530 934 634 scriptores
957 534 1044 610 illos
1062 535 1175 609 Saliis
1199 537 1322 633 acqui·

249 668 394 758 parant
435 654 589 729 Servius
619 652 669 728 ad
700 652 793 728 Aen.
828 654 874 727 Π.
908 652 995 728 235.
1054 655 1322 729 Dardanum

251 777 440 878 quidam
469 773 534 848 'ab
580 772 789 849 Arcadia
828 775 1094 873 profectum
1134 776 1322 851 venisse

249 897 307 972 ad
346 895 812 991 Phrygiamvoluut3
853 895 942 969 alii
975 895 1031 968 de
1062 896 1322 970 Samothra-

250 1020 322 1093 cia
356 1017 541 1112 Troiam
565 1010 1041 1107 Penatesitetnlirsa
1074 1038 1188 1115 quos
1212 1026 1322 1114 post

249 1158 403 1212 secu-m
435 1134 619 1209 Aeneas
644 1133 701 1207 ad
724 1132 915 1209 ltaliam
938 1137 1080 1212 vexit
1138 1134 1248 1211 Nam
1274 1147 1336 1209 otv

247 1254 582 1332 Samothraces
607 1253 768 1331 horum
793 1255 1038 1331 Penatium
1070 1257 1321 1331 antistites

248 1401 360 1452 scos
384 1374 631 1464 vocabant,
657 1377 736 1472 qui
761 1386 929 1473 postca
953 1400 978 1450 a
1002 1377 1222 1451 Romanis
1246 1376 1322 1451 Sa-

191 1488 197 1497 ’
248 1499 307 1573 lii
338 1497 578 1596 appellati
609 1506 734 1586 suut3
779 1495 827 1567 hi
861 1496 993 1569 enim
1016 1517 1147 1571 sacra
1177 1498 1321 1570 Pena-

248 1618 365 1691 tium
390 1614 627 1689 curabant
664 1613 739 1688 Hic
763 1636 833 1712 pro
859 1636 969 1689 suos
987 1615 1247 1689 Gutberletlrus
1272 1641 1321 1690 ex

246 1737 315 1810 illo
339 1735 520 1831 Hesychii
543 1735 629 1810 loco
654 1733 868 1809 emendavit
893 1730 1000 1808 Coos.
1060 1731 1226 1824 Quorum
1251 1759 1342 1810 uo-.

245 1857 391 1957 minum
424 1856 539 1954 quum
569 1854 673 1928 uull'a
695 1855 793 1927 iuter
816 1875 859 1927 se
882 1854 1087 1935 similitudo
1112 1857 1179 1945 sit,
1212 1879 1319 1954 prae-
1447 1838 1448 1879 ³

223 1976 318 2048 -tuli
351 1975 446 2048 Saos
478 1997 508 2048 s.
535 1973 661 2063 Sai0s3
693 1971 735 2045 id
760 1974 1081 2072 euimautiquum
1105 1977 1224 2071 gentis
1249 1975 1316 2049 Sa·

246 2093 474 2168 mothraciae
514 2070 669 2179 nomen,
700 2102 884 2166 retentum
915 2093 1090 2184 fortasse,
1123 2108 1167 2170 ut
1195 2096 1312 2193 plera·

247 2236 320 2313 que
343 2215 513 2312 antiqua,
543 2213 585 2285 in
608 2212 732 2285 saeris.
783 2211 889 2286 Idem
913 2212 963 2288 ad
987 2212 1080 2288 Aen.
1105 2214 1201 2288 Vlll.
1223 2211 1310 2289 285.
1447 2244 1448 2255 ³

246 2334 335 2409 alii
381 2333 547 2409 dicunt
594 2331 776 2407 Salium
823 2332 1048 2431 quendam
1088 2333 1313 2409 Arcadem

245 2457 417 2546 fuisse,
449 2454 527 2552 qui
559 2451 782 2549 Troianis
815 2451 1068 2548 adjunctus
1099 2455 1219 2530 hunc
1250 2458 1315 2530 lu·
1446 2525 1448 2537 ,

246 2576 351 2652 dum
390 2576 440 2648 in
480 2574 630 2647 sacris
669 2574 959 2664 institueritss
992 2575 1210 2649 nonnulli
1243 2589 1331 2650 ta-x

244 2718 346 2771 men
384 2716 409 2767 a
446 2692 667 2767 Dardano
707 2694 965 2771 institutos
998 2695 1186 2792 volunt,
1238 2699 1317 2795 qui
1398 2739 1434 2768 -,

245 2802 635 2891 Samothracibus
676 2811 771 2887 diis
805 2835 935 2887 sacra
967 2815 1315 2912 persolverent
1357 2815 1371 2871 t
1446 2889 1449 2899 ,

244 2937 378 3012 Festus
411 2959 450 3035 p.
483 2932 570 3008 474.
598 2929 837 3007 Critolaus
863 2933 1057 3008 Saonem
1082 2959 1135 3010 ex
1159 2936 1316 3010 Samo-

243 3058 405 3131 thrace
430 3076 528 3131 cum
547 3052 704 3128 Aenea
729 3052 840 3127 deos
859 3052 1056 3131 Penates
1081 3057 1159 3153 qui
1177 3056 1316 3131 Lavi-

242 3178 369 3251 nium
402 3171 724 3273 transtulerit,
756 3174 931 3248 saliare
964 3197 1105 3270 genus
1138 3175 1317 3255 saltau-

186 3352 192 3365 ,
244 3293 292 3367 di
331 3294 677 3391 instituissem.
736 3292 787 3367 Et
818 3293 949 3368 eodem
981 3294 1094 3369 modo
1127 3295 1317 3373 Plutarch.

130 3418 135 3428 ’
242 3414 352 3491 Num.
384 3410 485 3486 xm.
520 3409 605 3486 169.
657 3409 801 3497 Σάλιοι,
817 3412 1027 3521 ἐκλήθησαν
1052 3414 1319 3519 Σαμόθρᾳκος

83 3588 85 3595 ,
243 3532 383 3637 ἀνδρὸς
418 3522 541 3632 ὄνομα
573 3530 719 3608 Σαλίου
743 3532 814 3631 τὴν
839 3531 1009 3643 ἐνόπλιον
1032 3538 1187 3636 ὄρχησιν
1209 3539 1320 3616 ἐκδι-

242 3653 436 3745 δάξαντος.
492 3648 597 3727 Haeo
628 3650 715 3726 licet
747 3655 872 3729 omnia
903 3655 1002 3730 male
1034 3659 1199 3752 conjecta
1222 3659 1320 3752 sint,

241 3787 367 3852 tamen
399 3769 652 3849 similitudinis
684 3773 876 3872 cuiusdam
901 3777 998 3851 inter
1022 3778 1216 3854 saltatores
1242 3777 1321 3854 Sa-

312 4025 355 4093 [ι]
386 4025 438 4079 Hic
457 4025 589 4082 cenum
606 4026 668 4081 aaut
684 4031 783 4100 ponec
799 4032 970 4105 asponam
985 4051 1065 4106 supra
1082 3998 1220 4106 nmen.
1235 4037 1264 4099 s.
1288 4037 1317 4089 1.
