<?xml version="1.0" encoding="UTF-8"?>
<!DOCTYPE html PUBLIC "-//W3C//DTD XHTML 1.0 Transitional//EN"
    "http://www.w3.org/TR/xhtml1/DTD/xhtml1-transitional.dtd">
<html xmlns="http://www.w3.org/1999/xhtml" xml:lang="en" lang="en">
 <head>
  <title>
</title>
<meta http-equiv="Content-Type" content="text/html;charset=utf-8" />
  <meta name='ocr-system' content='tesseract 3.04.00' />
  <meta name='ocr-capabilities' content='ocr_page ocr_carea ocr_par ocr_line ocrx_word'/>
</head>
<body>
  <div class='ocr_page' id='page_1' title='image "aglaophamussive00lobegoog_0127.png"; bbox 0 0 2925 4684; ppageno 0'>
   <div class='ocr_carea' id='block_1_1' title="bbox 526 207 1193 284">
    <p class='ocr_par' dir='ltr' id='par_1_1' title="bbox 526 207 1193 284">
     <span class='ocr_line' id='line_1_1' title="bbox 526 207 1193 284; baseline 0.007 -8"><span class='ocrx_word' id='word_1_1' title='bbox 526 217 799 284; x_wconf 73' lang='lat' dir='ltr'><strong>oranter.</strong></span> <span class='ocrx_word' id='word_1_2' title='bbox 1121 207 1193 281; x_wconf 81' lang='lat' dir='ltr'><strong>tol</strong></span> 
     </span>
    </p>
   </div>
   <div class='ocr_carea' id='block_1_2' title="bbox 122 370 1197 1189">
    <p class='ocr_par' dir='ltr' id='par_1_2' title="bbox 122 370 1197 1189">
     <span class='ocr_line' id='line_1_2' title="bbox 127 370 1196 478; baseline -0.005 -28"><span class='ocrx_word' id='word_1_3' title='bbox 127 377 481 478; x_wconf 71' lang='lat' dir='ltr'><strong>eademprinripia·</strong></span> <span class='ocrx_word' id='word_1_4' title='bbox 502 390 658 458; x_wconf 71' lang='lat' dir='ltr'><strong>,reuocat</strong></span> <span class='ocrx_word' id='word_1_5' title='bbox 690 370 831 454; x_wconf 77' lang='lat' dir='ltr'><strong>Plinius</strong></span> <span class='ocrx_word' id='word_1_6' title='bbox 865 374 1035 449; x_wconf 76' lang='lat' dir='ltr'><strong>xxvnr.</strong></span> <span class='ocrx_word' id='word_1_7' title='bbox 1068 375 1196 476; x_wconf 56' lang='lat' dir='ltr'><strong>(im</strong></span> 
     </span>
     <span class='ocr_line' id='line_1_3' title="bbox 125 479 1197 590; baseline 0 -20"><span class='ocrx_word' id='word_1_8' title='bbox 125 479 473 590; x_wconf 68' lang='lat' dir='ltr'><strong>epythagosrae</strong></span> <span class='ocrx_word' id='word_1_9' title='bbox 504 498 718 580; x_wconf 73' lang='lat' dir='ltr'><strong>inuentis</strong></span> <span class='ocrx_word' id='word_1_10' title='bbox 745 520 834 570; x_wconf 84' lang='lat' dir='ltr'><strong>nou</strong></span> <span class='ocrx_word' id='word_1_11' title='bbox 867 510 1039 568; x_wconf 80' lang='lat' dir='ltr'><strong>temere</strong></span> <span class='ocrx_word' id='word_1_12' title='bbox 1064 494 1197 570; x_wconf 82' lang='lat' dir='ltr'><strong>fallit</strong></span> 
     </span>
     <span class='ocr_line' id='line_1_4' title="bbox 123 610 1195 715; baseline -0.005 -23"><span class='ocrx_word' id='word_1_13' title='bbox 123 610 511 715; x_wconf 54' lang='lat' dir='ltr'><strong>impusitissvorum</strong></span> <span class='ocrx_word' id='word_1_14' title='bbox 547 617 783 689; x_wconf 84' lang='lat' dir='ltr'><strong>nominum</strong></span> <span class='ocrx_word' id='word_1_15' title='bbox 817 619 1039 713; x_wconf 83' lang='lat' dir='ltr'><strong>imparem</strong></span> <span class='ocrx_word' id='word_1_16' title='bbox 1067 637 1195 687; x_wconf 82' lang='lat' dir='ltr'><strong>vuca-</strong></span> 
     </span>
     <span class='ocr_line' id='line_1_5' title="bbox 123 734 1195 820; baseline -0.005 -10"><span class='ocrx_word' id='word_1_17' title='bbox 123 736 515 816; x_wconf 80' lang='lat' dir='ltr'><strong>liumnumorum</strong></span> <span class='ocrx_word' id='word_1_18' title='bbox 555 734 865 820; x_wconf 73' lang='lat' dir='ltr'>clauditatem</span> <span class='ocrx_word' id='word_1_19' title='bbox 905 734 1094 806; x_wconf 84' lang='lat' dir='ltr'>oculive</span> <span class='ocrx_word' id='word_1_20' title='bbox 1131 755 1195 806; x_wconf 83' lang='lat' dir='ltr'><strong>or·</strong></span> 
     </span>
     <span class='ocr_line' id='line_1_6' title="bbox 123 854 1195 948; baseline -0.003 -19"><span class='ocrx_word' id='word_1_21' title='bbox 123 854 320 940; x_wconf 73' lang='lat' dir='ltr'><strong>bitatem</strong></span> <span class='ocrx_word' id='word_1_22' title='bbox 346 868 389 926; x_wconf 78' lang='lat' dir='ltr'><strong>at</strong></span> <span class='ocrx_word' id='word_1_23' title='bbox 413 854 757 940; x_wconf 74' lang='lat' dir='ltr'><strong>similescasus</strong></span> <span class='ocrx_word' id='word_1_24' title='bbox 784 854 967 928; x_wconf 81' lang='lat' dir='ltr'><strong>dextris</strong></span> <span class='ocrx_word' id='word_1_25' title='bbox 992 855 1195 948; x_wconf 79' lang='lat' dir='ltr'><strong>assigna·</strong></span> 
     </span>
     <span class='ocr_line' id='line_1_7' title="bbox 122 972 1193 1072; baseline -0.002 -24"><span class='ocrx_word' id='word_1_26' title='bbox 122 999 171 1052; x_wconf 76' lang='lat' dir='ltr'><strong>re</strong></span> <span class='ocrx_word' id='word_1_27' title='bbox 198 974 428 1072; x_wconf 82' lang='lat' dir='ltr'><strong>partibus,</strong></span> <span class='ocrx_word' id='word_1_28' title='bbox 455 979 614 1071; x_wconf 82' lang='lat' dir='ltr'><strong>parem</strong></span> <span class='ocrx_word' id='word_1_29' title='bbox 641 974 805 1049; x_wconf 80' lang='lat' dir='ltr'><strong>laevis.</strong></span> <span class='ocrx_word' id='word_1_30' title='bbox 848 975 899 1068; x_wconf 83' lang='lat' dir='ltr'><strong>Et</strong></span> <span class='ocrx_word' id='word_1_31' title='bbox 924 972 1097 1064; x_wconf 72' lang='lat' dir='ltr'>disertius</span> <span class='ocrx_word' id='word_1_32' title='bbox 1123 972 1193 1046; x_wconf 81' lang='lat' dir='ltr'><strong>Te·</strong></span> 
     </span>
     <span class='ocr_line' id='line_1_8' title="bbox 124 1091 1067 1189; baseline 0.001 -23"><span class='ocrx_word' id='word_1_33' title='bbox 124 1097 312 1180; x_wconf 73' lang='lat' dir='ltr'><strong>mutianus</strong></span> <span class='ocrx_word' id='word_1_34' title='bbox 337 1094 490 1168; x_wconf 86' lang='lat' dir='ltr'><strong>Maurus</strong></span> <span class='ocrx_word' id='word_1_35' title='bbox 515 1092 576 1166; x_wconf 83' lang='lat' dir='ltr'><strong>De</strong></span> <span class='ocrx_word' id='word_1_36' title='bbox 602 1093 690 1168; x_wconf 88' lang='lat' dir='ltr'><strong>Litt.</strong></span> <span class='ocrx_word' id='word_1_37' title='bbox 705 1118 754 1174; x_wconf 86' lang='grc' dir='ltr'><strong>,ν.</strong></span> <span class='ocrx_word' id='word_1_38' title='bbox 785 1094 868 1168; x_wconf 84' lang='grc'><strong>166.</strong></span> <span class='ocrx_word' id='word_1_39' title='bbox 894 1116 930 1189; x_wconf 92' lang='lat' dir='ltr'><strong>p.</strong></span> <span class='ocrx_word' id='word_1_40' title='bbox 957 1091 1067 1186; x_wconf 84' lang='grc'><strong>2389.</strong></span> 
     </span>
    </p>
   </div>
   <div class='ocr_carea' id='block_1_3' title="bbox 130 1247 1059 1656">
    <p class='ocr_par' dir='ltr' id='par_1_3' title="bbox 130 1247 1059 1427">
     <span class='ocr_line' id='line_1_9' title="bbox 208 1247 1059 1328; baseline -0.005 -20"><span class='ocrx_word' id='word_1_41' title='bbox 208 1249 342 1308; x_wconf 77' lang='lat' dir='ltr'><strong>Tradunt</strong></span> <span class='ocrx_word' id='word_1_42' title='bbox 361 1247 504 1321; x_wconf 66' lang='lat' dir='ltr'><strong>homines,</strong></span> <span class='ocrx_word' id='word_1_43' title='bbox 526 1258 606 1305; x_wconf 80' lang='lat' dir='ltr'><strong>serta</strong></span> <span class='ocrx_word' id='word_1_44' title='bbox 628 1248 730 1324; x_wconf 83' lang='lat' dir='ltr'><strong>quibua</strong></span> <span class='ocrx_word' id='word_1_45' title='bbox 752 1248 939 1328; x_wconf 76' lang='lat' dir='ltr'><strong>Pythagorea</strong></span> <span class='ocrx_word' id='word_1_46' title='bbox 960 1257 1031 1321; x_wconf 55' lang='lat' dir='ltr'><strong>ast„</strong></span> <span class='ocrx_word' id='word_1_47' title='bbox 1055 1299 1059 1304; x_wconf 88' lang='lat'><strong>.</strong></span> 
     </span>
     <span class='ocr_line' id='line_1_10' title="bbox 130 1340 1014 1427; baseline -0.002 -17"><span class='ocrx_word' id='word_1_48' title='bbox 130 1395 134 1423; x_wconf 73' lang='lat' dir='ltr'><em>z</em></span> <span class='ocrx_word' id='word_1_49' title='bbox 206 1370 314 1410; x_wconf 75' lang='lat' dir='ltr'><strong>arcam</strong></span> <span class='ocrx_word' id='word_1_50' title='bbox 335 1352 451 1427; x_wconf 70' lang='lat' dir='ltr'><strong>sequuti</strong></span> <span class='ocrx_word' id='word_1_51' title='bbox 472 1349 600 1426; x_wconf 79' lang='lat' dir='ltr'><strong>physiais</strong></span> <span class='ocrx_word' id='word_1_52' title='bbox 622 1360 732 1408; x_wconf 67' lang='lat' dir='ltr'><strong>remma</strong></span> <span class='ocrx_word' id='word_1_53' title='bbox 752 1353 847 1409; x_wconf 79' lang='lat' dir='ltr'><strong>causis</strong></span> <span class='ocrx_word' id='word_1_54' title='bbox 1011 1340 1014 1344; x_wconf 47' lang='grc'>’</span> 
     </span>
    </p>

    <p class='ocr_par' dir='ltr' id='par_1_4' title="bbox 205 1453 853 1527">
     <span class='ocr_line' id='line_1_11' title="bbox 205 1453 853 1527; baseline -0.002 -15"><span class='ocrx_word' id='word_1_55' title='bbox 205 1473 331 1514; x_wconf 76' lang='lat' dir='ltr'><strong>nummos</strong></span> <span class='ocrx_word' id='word_1_56' title='bbox 351 1454 466 1512; x_wconf 79' lang='lat' dir='ltr'><strong>numeri</strong></span> <span class='ocrx_word' id='word_1_57' title='bbox 485 1471 545 1511; x_wconf 89' lang='lat' dir='ltr'><strong>non</strong></span> <span class='ocrx_word' id='word_1_58' title='bbox 566 1453 609 1510; x_wconf 86' lang='lat' dir='ltr'><strong>ita</strong></span> <span class='ocrx_word' id='word_1_59' title='bbox 629 1453 724 1512; x_wconf 75' lang='lat' dir='ltr'><strong>literis</strong></span> <span class='ocrx_word' id='word_1_60' title='bbox 745 1455 853 1527; x_wconf 79' lang='lat' dir='ltr'><strong>valere,</strong></span> 
     </span>
    </p>

    <p class='ocr_par' dir='ltr' id='par_1_5' title="bbox 206 1533 939 1656">
     <span class='ocr_line' id='line_1_12' title="bbox 206 1533 939 1656; baseline 0.001 -43"><span class='ocrx_word' id='word_1_61' title='bbox 206 1574 327 1656; x_wconf 65' lang='lat' dir='ltr'><strong>graspus</strong></span> <span class='ocrx_word' id='word_1_62' title='bbox 344 1533 455 1633; x_wconf 66' lang='lat' dir='ltr'><strong>vpurtem</strong></span> <span class='ocrx_word' id='word_1_63' title='bbox 477 1566 511 1613; x_wconf 87' lang='lat' dir='ltr'><strong>ut</strong></span> <span class='ocrx_word' id='word_1_64' title='bbox 532 1554 617 1611; x_wconf 80' lang='lat' dir='ltr'><strong>docet</strong></span> <span class='ocrx_word' id='word_1_65' title='bbox 637 1555 777 1613; x_wconf 78' lang='lat' dir='ltr'><strong>insonans</strong></span> <span class='ocrx_word' id='word_1_66' title='bbox 799 1557 939 1635; x_wconf 76' lang='lat' dir='ltr'><strong>magister</strong></span> 
     </span>
    </p>
   </div>
   <div class='ocr_carea' id='block_1_4' title="bbox 121 1703 1216 3234">
    <p class='ocr_par' dir='ltr' id='par_1_6' title="bbox 121 1703 1216 3234">
     <span class='ocr_line' id='line_1_13' title="bbox 125 1703 1196 1800; baseline -0.002 -23"><span class='ocrx_word' id='word_1_67' title='bbox 125 1718 162 1777; x_wconf 78' lang='lat' dir='ltr'><strong>rt</strong></span> <span class='ocrx_word' id='word_1_68' title='bbox 185 1717 285 1778; x_wconf 82' lang='lat' dir='ltr'><strong>totus</strong></span> <span class='ocrx_word' id='word_1_69' title='bbox 310 1706 432 1794; x_wconf 86' lang='lat' dir='ltr'><strong>lucus,</strong></span> <span class='ocrx_word' id='word_1_70' title='bbox 458 1706 522 1800; x_wconf 90' lang='lat' dir='ltr'><strong>qui</strong></span> <span class='ocrx_word' id='word_1_71' title='bbox 547 1703 758 1794; x_wconf 76' lang='lat' dir='ltr'><strong>latiorest,</strong></span> <span class='ocrx_word' id='word_1_72' title='bbox 784 1725 894 1800; x_wconf 81' lang='lat' dir='ltr'><strong>quam</strong></span> <span class='ocrx_word' id='word_1_73' title='bbox 921 1717 963 1777; x_wconf 84' lang='lat' dir='ltr'><strong>ut</strong></span> <span class='ocrx_word' id='word_1_74' title='bbox 981 1704 1058 1780; x_wconf 72' lang='lat' dir='ltr'><strong>,huc</strong></span> <span class='ocrx_word' id='word_1_75' title='bbox 1078 1715 1196 1776; x_wconf 83' lang='lat' dir='ltr'><strong>traus-</strong></span> 
     </span>
     <span class='ocr_line' id='line_1_14' title="bbox 126 1821 1194 1921; baseline -0.001 -24"><span class='ocrx_word' id='word_1_76' title='bbox 126 1825 238 1897; x_wconf 81' lang='lat' dir='ltr'><strong>scribi</strong></span> <span class='ocrx_word' id='word_1_77' title='bbox 270 1821 404 1921; x_wconf 83' lang='lat' dir='ltr'><strong>pussit3</strong></span> <span class='ocrx_word' id='word_1_78' title='bbox 438 1822 641 1919; x_wconf 80' lang='lat' dir='ltr'><strong>eademque</strong></span> <span class='ocrx_word' id='word_1_79' title='bbox 676 1836 756 1900; x_wconf 80' lang='lat' dir='ltr'><strong>arte</strong></span> <span class='ocrx_word' id='word_1_80' title='bbox 782 1845 850 1896; x_wconf 84' lang='lat' dir='ltr'><strong>usa</strong></span> <span class='ocrx_word' id='word_1_81' title='bbox 875 1823 965 1898; x_wconf 86' lang='lat' dir='ltr'><strong>diva</strong></span> <span class='ocrx_word' id='word_1_82' title='bbox 988 1821 1194 1918; x_wconf 83' lang='lat' dir='ltr'><strong>Philolugia</strong></span> 
     </span>
     <span class='ocr_line' id='line_1_15' title="bbox 124 1943 1194 2040; baseline 0.001 -23"><span class='ocrx_word' id='word_1_83' title='bbox 124 1943 306 2018; x_wconf 77' lang='lat' dir='ltr'><strong>Mamurio</strong></span> <span class='ocrx_word' id='word_1_84' title='bbox 330 1954 492 2040; x_wconf 77' lang='lat' dir='ltr'><strong>nuptura</strong></span> <span class='ocrx_word' id='word_1_85' title='bbox 518 1965 564 2015; x_wconf 85' lang='lat' dir='ltr'><strong>ex</strong></span> <span class='ocrx_word' id='word_1_86' title='bbox 590 1965 657 2015; x_wconf 83' lang='lat' dir='ltr'><strong>suo</strong></span> <span class='ocrx_word' id='word_1_87' title='bbox 685 1953 723 2015; x_wconf 85' lang='lat' dir='ltr'><strong>et</strong></span> <span class='ocrx_word' id='word_1_88' title='bbox 748 1945 876 2040; x_wconf 84' lang='lat' dir='ltr'><strong>sponsi</strong></span> <span class='ocrx_word' id='word_1_89' title='bbox 902 1947 1069 2034; x_wconf 82' lang='lat' dir='ltr'><strong>numine,</strong></span> <span class='ocrx_word' id='word_1_90' title='bbox 1103 1946 1194 2018; x_wconf 87' lang='lat' dir='ltr'><strong>utri·</strong></span> 
     </span>
     <span class='ocr_line' id='line_1_16' title="bbox 125 2060 1193 2161; baseline 0.003 -24"><span class='ocrx_word' id='word_1_91' title='bbox 125 2085 240 2161; x_wconf 82' lang='lat' dir='ltr'><strong>usque</strong></span> <span class='ocrx_word' id='word_1_92' title='bbox 264 2063 381 2136; x_wconf 81' lang='lat' dir='ltr'><strong>literis</strong></span> <span class='ocrx_word' id='word_1_93' title='bbox 407 2060 679 2159; x_wconf 82' lang='lat' dir='ltr'><strong>computandis,</strong></span> <span class='ocrx_word' id='word_1_94' title='bbox 704 2066 932 2138; x_wconf 82' lang='lat' dir='ltr'><strong>matrimonii</strong></span> <span class='ocrx_word' id='word_1_95' title='bbox 957 2064 1110 2138; x_wconf 80' lang='lat' dir='ltr'><strong>ineundi</strong></span> <span class='ocrx_word' id='word_1_96' title='bbox 1127 2088 1193 2142; x_wconf 83' lang='lat' dir='ltr'><strong>au-</strong></span> 
     </span>
     <span class='ocr_line' id='line_1_17' title="bbox 121 2181 1192 2282; baseline 0.002 -26"><span class='ocrx_word' id='word_1_97' title='bbox 121 2186 283 2282; x_wconf 81' lang='lat' dir='ltr'><strong>spicium</strong></span> <span class='ocrx_word' id='word_1_98' title='bbox 318 2184 418 2279; x_wconf 83' lang='lat' dir='ltr'><strong>capit</strong></span> <span class='ocrx_word' id='word_1_99' title='bbox 452 2205 512 2278; x_wconf 86' lang='lat' dir='ltr'><strong>ap.</strong></span> <span class='ocrx_word' id='word_1_100' title='bbox 544 2182 715 2254; x_wconf 85' lang='lat' dir='ltr'><strong>Martian.</strong></span> <span class='ocrx_word' id='word_1_101' title='bbox 751 2181 889 2280; x_wconf 73' lang='lat' dir='ltr'><strong>capeti.</strong></span> <span class='ocrx_word' id='word_1_102' title='bbox 923 2186 965 2258; x_wconf 92' lang='lat' dir='ltr'><strong>L.</strong></span> <span class='ocrx_word' id='word_1_103' title='bbox 995 2188 1042 2259; x_wconf 90' lang='lat' dir='ltr'><strong>ll.</strong></span> <span class='ocrx_word' id='word_1_104' title='bbox 1068 2210 1105 2282; x_wconf 95' lang='lat' dir='ltr'><strong>p.</strong></span> <span class='ocrx_word' id='word_1_105' title='bbox 1131 2184 1192 2259; x_wconf 85' lang='grc'><strong>25.</strong></span> 
     </span>
     <span class='ocr_line' id='line_1_18' title="bbox 125 2289 1216 2399; baseline 0.002 -25"><span class='ocrx_word' id='word_1_106' title='bbox 125 2324 280 2399; x_wconf 84' lang='lat' dir='ltr'><strong>quorum</strong></span> <span class='ocrx_word' id='word_1_107' title='bbox 301 2302 485 2374; x_wconf 81' lang='lat' dir='ltr'><strong>‚omnium</strong></span> <span class='ocrx_word' id='word_1_108' title='bbox 526 2289 723 2376; x_wconf 84' lang='lat' dir='ltr'><strong>immemor</strong></span> <span class='ocrx_word' id='word_1_109' title='bbox 754 2303 827 2375; x_wconf 82' lang='lat' dir='ltr'><strong>iuit</strong></span> <span class='ocrx_word' id='word_1_110' title='bbox 859 2305 1121 2377; x_wconf 85' lang='lat' dir='ltr'><strong>Grotefendius</strong></span> <span class='ocrx_word' id='word_1_111' title='bbox 1152 2306 1216 2376; x_wconf 61' lang='lat' dir='ltr'><strong>in*</strong></span> 
     </span>
     <span class='ocr_line' id='line_1_19' title="bbox 127 2421 1192 2523; baseline 0.002 -29"><span class='ocrx_word' id='word_1_112' title='bbox 127 2423 285 2500; x_wconf 85' lang='lat' dir='ltr'><strong>Gruberi</strong></span> <span class='ocrx_word' id='word_1_113' title='bbox 316 2432 353 2492; x_wconf 83' lang='lat' dir='ltr'><strong>et</strong></span> <span class='ocrx_word' id='word_1_114' title='bbox 385 2421 531 2494; x_wconf 86' lang='lat' dir='ltr'><strong>Erschii</strong></span> <span class='ocrx_word' id='word_1_115' title='bbox 562 2423 762 2520; x_wconf 85' lang='lat' dir='ltr'><strong>Encyciup.</strong></span> <span class='ocrx_word' id='word_1_116' title='bbox 796 2422 839 2495; x_wconf 83' lang='grc' dir='ltr'><strong>Τ.</strong></span> <span class='ocrx_word' id='word_1_117' title='bbox 873 2423 916 2496; x_wconf 90' lang='lat' dir='ltr'><strong>V.</strong></span> <span class='ocrx_word' id='word_1_118' title='bbox 951 2449 996 2498; x_wconf 80' lang='lat' dir='ltr'><strong>ex</strong></span> <span class='ocrx_word' id='word_1_119' title='bbox 1011 2424 1192 2523; x_wconf 83' lang='lat' dir='ltr'><strong>professu</strong></span> 
     </span>
     <span class='ocr_line' id='line_1_20' title="bbox 126 2537 1192 2640; baseline 0.002 -25"><span class='ocrx_word' id='word_1_120' title='bbox 126 2541 171 2615; x_wconf 86' lang='lat' dir='ltr'><strong>de</strong></span> <span class='ocrx_word' id='word_1_121' title='bbox 196 2540 509 2614; x_wconf 85' lang='lat' dir='ltr'><strong>Arithmumantia</strong></span> <span class='ocrx_word' id='word_1_122' title='bbox 533 2537 733 2631; x_wconf 83' lang='lat' dir='ltr'><strong>disserens,</strong></span> <span class='ocrx_word' id='word_1_123' title='bbox 761 2567 869 2640; x_wconf 89' lang='lat' dir='ltr'><strong>quam</strong></span> <span class='ocrx_word' id='word_1_124' title='bbox 896 2557 976 2617; x_wconf 84' lang='lat' dir='ltr'><strong>totu</strong></span> <span class='ocrx_word' id='word_1_125' title='bbox 1001 2545 1192 2619; x_wconf 79' lang='lat' dir='ltr'><strong>volumina</strong></span> 
     </span>
     <span class='ocr_line' id='line_1_21' title="bbox 126 2645 1193 2758; baseline 0.001 -24"><span class='ocrx_word' id='word_1_126' title='bbox 126 2662 315 2757; x_wconf 79' lang='lat' dir='ltr'><strong>explicuit</strong></span> <span class='ocrx_word' id='word_1_127' title='bbox 331 2645 557 2733; x_wconf 83' lang='lat' dir='ltr'><strong>Athanasius</strong></span> <span class='ocrx_word' id='word_1_128' title='bbox 592 2660 819 2734; x_wconf 77' lang='lat' dir='ltr'><strong>Kirchemsz&#39;</strong></span> <span class='ocrx_word' id='word_1_129' title='bbox 845 2663 1193 2758; x_wconf 80' lang='lat' dir='ltr'><strong>Arithmulugia</strong></span> 
     </span>
     <span class='ocr_line' id='line_1_22' title="bbox 125 2778 1191 2876; baseline -0.004 -21"><span class='ocrx_word' id='word_1_130' title='bbox 125 2784 229 2855; x_wconf 87' lang='lat' dir='ltr'><strong>sive</strong></span> <span class='ocrx_word' id='word_1_131' title='bbox 255 2778 307 2851; x_wconf 82' lang='lat' dir='ltr'><strong>de</strong></span> <span class='ocrx_word' id='word_1_132' title='bbox 333 2778 511 2854; x_wconf 84' lang='lat' dir='ltr'><strong>abditis</strong></span> <span class='ocrx_word' id='word_1_133' title='bbox 537 2800 835 2854; x_wconf 87' lang='lat' dir='ltr'><strong>numerorum</strong></span> <span class='ocrx_word' id='word_1_134' title='bbox 862 2785 1099 2876; x_wconf 81' lang='lat' dir='ltr'><strong>mysteriis</strong></span> <span class='ocrx_word' id='word_1_135' title='bbox 1119 2782 1191 2852; x_wconf 85' lang='lat' dir='ltr'><strong>Ro·</strong></span> 
     </span>
     <span class='ocr_line' id='line_1_23' title="bbox 124 2885 1191 2996; baseline -0.004 -22"><span class='ocrx_word' id='word_1_136' title='bbox 124 2921 207 2974; x_wconf 82' lang='lat' dir='ltr'><strong>mae</strong></span> <span class='ocrx_word' id='word_1_137' title='bbox 248 2895 471 2974; x_wconf 80' lang='lat' dir='ltr'><strong>MDCLXV.</strong></span> <span class='ocrx_word' id='word_1_138' title='bbox 511 2920 579 2970; x_wconf 84' lang='lat' dir='ltr'><strong>neo</strong></span> <span class='ocrx_word' id='word_1_139' title='bbox 618 2885 828 2995; x_wconf 70' lang='lat' dir='ltr'><strong>praeteriit⁴</strong></span> <span class='ocrx_word' id='word_1_140' title='bbox 850 2901 999 2975; x_wconf 84' lang='lat' dir='ltr'><strong>Delrius</strong></span> <span class='ocrx_word' id='word_1_141' title='bbox 1028 2900 1191 2996; x_wconf 89' lang='lat' dir='ltr'><strong>Disquis.</strong></span> 
     </span>
     <span class='ocr_line' id='line_1_24' title="bbox 125 3015 1190 3115; baseline -0.001 -23"><span class='ocrx_word' id='word_1_142' title='bbox 125 3019 220 3115; x_wconf 81' lang='lat' dir='ltr'><strong>Mag.</strong></span> <span class='ocrx_word' id='word_1_143' title='bbox 252 3019 315 3091; x_wconf 91' lang='lat' dir='ltr'><strong>IV.</strong></span> <span class='ocrx_word' id='word_1_144' title='bbox 350 3020 385 3089; x_wconf 93' lang='grc'><strong>2.</strong></span> <span class='ocrx_word' id='word_1_145' title='bbox 408 3017 504 3090; x_wconf 79' lang='grc'><strong>,442</strong></span> <span class='ocrx_word' id='word_1_146' title='bbox 538 3015 642 3089; x_wconf 88' lang='lat' dir='ltr'><strong>Idem</strong></span> <span class='ocrx_word' id='word_1_147' title='bbox 676 3038 766 3090; x_wconf 84' lang='lat' dir='ltr'><strong>veru</strong></span> <span class='ocrx_word' id='word_1_148' title='bbox 803 3019 944 3093; x_wconf 86' lang='lat' dir='ltr'><strong>Plinius</strong></span> <span class='ocrx_word' id='word_1_149' title='bbox 978 3021 1020 3093; x_wconf 90' lang='lat' dir='ltr'><strong>L.</strong></span> <span class='ocrx_word' id='word_1_150' title='bbox 1053 3018 1190 3093; x_wconf 86' lang='lat' dir='ltr'><strong>XXIV.</strong></span> 
     </span>
     <span class='ocr_line' id='line_1_25' title="bbox 127 3133 1191 3234; baseline 0.001 -21"><span class='ocrx_word' id='word_1_151' title='bbox 127 3133 401 3213; x_wconf 74' lang='lat' dir='ltr'><strong>99.:Harbas</strong></span> <span class='ocrx_word' id='word_1_152' title='bbox 435 3137 653 3230; x_wconf 79' lang='lat' dir='ltr'><strong>magicas,</strong></span> <span class='ocrx_word' id='word_1_153' title='bbox 686 3138 826 3233; x_wconf 86' lang='lat' dir='ltr'><strong>inquit,</strong></span> <span class='ocrx_word' id='word_1_154' title='bbox 867 3141 1008 3234; x_wconf 90' lang='lat' dir='ltr'><strong>primi</strong></span> <span class='ocrx_word' id='word_1_155' title='bbox 1040 3142 1088 3222; x_wconf 82' lang='lat' dir='ltr'><strong>in</strong></span> <span class='ocrx_word' id='word_1_156' title='bbox 1118 3163 1191 3214; x_wconf 71' lang='lat' dir='ltr'><strong>nu.</strong></span> 
     </span>
    </p>
   </div>
   <div class='ocr_carea' id='block_1_5' title="bbox 128 3256 1314 3358">
    <p class='ocr_par' dir='ltr' id='par_1_7' title="bbox 128 3256 1314 3358">
     <span class='ocr_line' id='line_1_26' title="bbox 128 3256 1314 3358; baseline 0.009 -27"><span class='ocrx_word' id='word_1_157' title='bbox 128 3272 223 3331; x_wconf 87' lang='lat' dir='ltr'><strong>rtru</strong></span> <span class='ocrx_word' id='word_1_158' title='bbox 260 3257 373 3328; x_wconf 80' lang='lat' dir='ltr'><strong>urbe</strong></span> <span class='ocrx_word' id='word_1_159' title='bbox 406 3256 1028 3353; x_wconf 66' lang='lat' dir='ltr'><strong>celebraveretyrhagoras</strong></span> <span class='ocrx_word' id='word_1_160' title='bbox 1055 3274 1192 3358; x_wconf 77' lang='lat' dir='ltr'><strong>atque</strong></span> <span class='ocrx_word' id='word_1_161' title='bbox 1312 3340 1314 3342; x_wconf 83' lang='grc'><strong>,</strong></span> 
     </span>
    </p>
   </div>
   <div class='ocr_carea' id='block_1_6' title="bbox 126 3375 1195 3954">
    <p class='ocr_par' dir='ltr' id='par_1_8' title="bbox 126 3375 1195 3956">
     <span class='ocr_line' id='line_1_27' title="bbox 128 3375 1192 3476; baseline 0.003 -24"><span class='ocrx_word' id='word_1_162' title='bbox 128 3378 443 3465; x_wconf 73' lang='lat' dir='ltr'><strong>Democritus,</strong></span> <span class='ocrx_word' id='word_1_163' title='bbox 468 3375 626 3470; x_wconf 79' lang='lat' dir='ltr'><strong>Magus</strong></span> <span class='ocrx_word' id='word_1_164' title='bbox 653 3381 934 3469; x_wconf 81' lang='lat' dir='ltr'><strong>aunsec&#39;tati3</strong></span> <span class='ocrx_word' id='word_1_165' title='bbox 962 3402 1192 3476; x_wconf 80' lang='lat' dir='ltr'><strong>quarumex·</strong></span> 
     </span>
     <span class='ocr_line' id='line_1_28' title="bbox 129 3496 1192 3595; baseline 0.005 -25"><span class='ocrx_word' id='word_1_166' title='bbox 129 3499 261 3595; x_wconf 77' lang='lat' dir='ltr'><strong>empla,</strong></span> <span class='ocrx_word' id='word_1_167' title='bbox 276 3497 414 3594; x_wconf 83' lang='lat' dir='ltr'><strong>passim</strong></span> <span class='ocrx_word' id='word_1_168' title='bbox 440 3498 656 3593; x_wconf 14' lang='lat' dir='ltr'><strong>apponitva</strong></span> <span class='ocrx_word' id='word_1_169' title='bbox 681 3496 850 3570; x_wconf 80' lang='lat' dir='ltr'><strong>Kuehnio</strong></span> <span class='ocrx_word' id='word_1_170' title='bbox 878 3499 1029 3577; x_wconf 78' lang='lat' dir='ltr'><strong>collecta</strong></span> <span class='ocrx_word' id='word_1_171' title='bbox 1053 3504 1092 3574; x_wconf 91' lang='lat' dir='ltr'><strong>iu</strong></span> <span class='ocrx_word' id='word_1_172' title='bbox 1105 3502 1192 3575; x_wconf 84' lang='lat' dir='ltr'><strong>Dis·</strong></span> 
     </span>
     <span class='ocr_line' id='line_1_29' title="bbox 128 3615 1192 3718; baseline 0.001 -28"><span class='ocrx_word' id='word_1_173' title='bbox 128 3629 213 3691; x_wconf 83' lang='lat' dir='ltr'><strong>sert.</strong></span> <span class='ocrx_word' id='word_1_174' title='bbox 252 3615 299 3688; x_wconf 82' lang='lat' dir='ltr'><strong>da</strong></span> <span class='ocrx_word' id='word_1_175' title='bbox 331 3615 593 3713; x_wconf 31' lang='lat' dir='ltr'><strong>4Phiiosuphis,</strong></span> <span class='ocrx_word' id='word_1_176' title='bbox 614 3627 699 3687; x_wconf 82' lang='lat' dir='ltr'><strong>ante</strong></span> <span class='ocrx_word' id='word_1_177' title='bbox 737 3616 914 3714; x_wconf 77' lang='lat' dir='ltr'><strong>Hippou.</strong></span> <span class='ocrx_word' id='word_1_178' title='bbox 955 3643 993 3718; x_wconf 92' lang='lat' dir='ltr'><strong>p.</strong></span> <span class='ocrx_word' id='word_1_179' title='bbox 1033 3621 1119 3698; x_wconf 84' lang='grc'><strong>246.</strong></span> <span class='ocrx_word' id='word_1_180' title='bbox 1152 3623 1192 3692; x_wconf 89' lang='lat' dir='ltr'><strong>in</strong></span> 
     </span>
     <span class='ocr_line' id='line_1_30' title="bbox 126 3733 1193 3836; baseline 0 -25"><span class='ocrx_word' id='word_1_181' title='bbox 126 3736 374 3826; x_wconf 77' lang='lat' dir='ltr'><strong>Aekermanni</strong></span> <span class='ocrx_word' id='word_1_182' title='bbox 414 3733 548 3832; x_wconf 81' lang='lat' dir='ltr'><strong>Opust.</strong></span> <span class='ocrx_word' id='word_1_183' title='bbox 588 3733 685 3810; x_wconf 83' lang='lat' dir='ltr'><strong>Hist.</strong></span> <span class='ocrx_word' id='word_1_184' title='bbox 717 3733 815 3808; x_wconf 79' lang='lat' dir='ltr'><strong>Med.</strong></span> <span class='ocrx_word' id='word_1_185' title='bbox 851 3761 875 3811; x_wconf 81' lang='lat' dir='ltr'><strong>a</strong></span> <span class='ocrx_word' id='word_1_186' title='bbox 907 3738 1120 3836; x_wconf 80' lang='lat' dir='ltr'><strong>Sprengeliu</strong></span> <span class='ocrx_word' id='word_1_187' title='bbox 1152 3740 1193 3811; x_wconf 85' lang='lat' dir='ltr'><strong>in</strong></span> 
     </span>
     <span class='ocr_line' id='line_1_31' title="bbox 126 3854 1195 3954; baseline 0 -24"><span class='ocrx_word' id='word_1_188' title='bbox 126 3855 268 3931; x_wconf 84' lang='lat' dir='ltr'><strong>Histor.</strong></span> <span class='ocrx_word' id='word_1_189' title='bbox 301 3856 431 3951; x_wconf 86' lang='lat' dir='ltr'><strong>Botan.</strong></span> <span class='ocrx_word' id='word_1_190' title='bbox 469 3855 512 3929; x_wconf 85' lang='grc' dir='ltr'><strong>Τ.</strong></span> <span class='ocrx_word' id='word_1_191' title='bbox 536 3857 566 3929; x_wconf 91' lang='lat' dir='ltr'><strong>l.</strong></span> <span class='ocrx_word' id='word_1_192' title='bbox 584 3880 635 3954; x_wconf 92' lang='lat' dir='ltr'><strong>·p.</strong></span> <span class='ocrx_word' id='word_1_193' title='bbox 661 3854 722 3929; x_wconf 82' lang='lat'><strong>42.</strong></span> <span class='ocrx_word' id='word_1_194' title='bbox 746 3855 849 3928; x_wconf 81' lang='lat' dir='ltr'><strong>Sed</strong></span> <span class='ocrx_word' id='word_1_195' title='bbox 881 3858 922 3931; x_wconf 89' lang='lat' dir='ltr'><strong>L.</strong></span> <span class='ocrx_word' id='word_1_196' title='bbox 947 3857 1085 3932; x_wconf 87' lang='lat' dir='ltr'><strong>XXIV.</strong></span> <span class='ocrx_word' id='word_1_197' title='bbox 1111 3858 1195 3932; x_wconf 89' lang='lat'><strong>101.</strong></span> 
     </span>
    </p>
   </div>
   <div class='ocr_carea' id='block_1_7' title="bbox 0 0 1469 4684">
    <p class='ocr_par' dir='ltr' id='par_1_9' title="bbox 0 0 1469 4684">
     <span class='ocr_line' id='line_1_32' title="bbox 0 0 1469 4684; baseline 0 0"><span class='ocrx_word' id='word_1_198' title='bbox 0 0 1469 4684; x_wconf 95' lang='lat' dir='ltr'><strong> </strong></span> 
     </span>
    </p>
   </div>
  </div>
 </body>
</html>
