2925 4684
299 232 399 309 1280
645 244 791 300 uranu
816 244 1040 301 ursulus

189 394 202 429 i
298 404 436 480 Verum
459 403 599 500 opinio¹
615 402 725 499 longe
750 414 807 477 est
831 403 915 476 alia
967 399 1030 474 Sic
1062 401 1164 474 enim
1185 399 1383 492 dictitant,

298 527 411 615 hanc,
455 544 567 621 quum
605 525 834 614 vocitamus,
873 520 1145 616 Mythologiam
1166 523 1381 621 principio

298 645 415 720 uisse
446 654 569 717 totum
593 641 774 741 quiddam
799 643 849 718 ab
874 642 1094 740 antiquitate
1117 642 1306 738 religionis
1336 658 1380 724 ct

298 764 503 863 sapientiae
526 775 680 863 parente
703 785 781 837 uno
806 763 912 859 velut
935 763 1026 835 nixu
1051 757 1214 852 editum,
1237 773 1378 862 postea

300 908 391 961 vero
424 882 634 980 dispersum
667 881 983 981 dissipatumque‚
1008 880 1095 972 sed,
1121 862 1217 980 quae
1241 905 1373 980 supcr-

300 1006 376 1080 sint
414 1004 506 1099 eius·
534 1017 678 1103 partes,
718 1025 782 1077 eas
815 1003 1021 1076 necessario
1058 1012 1098 1074 et
1126 1004 1225 1075 inter
1256 1024 1298 1077 se
1333 1012 1374 1075 et

225 1128 229 1139 ‘
299 1147 383 1200 cum
407 1133 488 1197 toto
514 1145 730 1218 congruere,
755 1119 882 1219 itique
906 1123 987 1194 lieri
1012 1134 1054 1195 ut
1078 1117 1234 1195 Cornuti
1257 1123 1373 1196 alicu

292 1247 357 1342 jus
387 1243 601 1317 testimonia
632 1240 864 1317 tantumdem
898 1242 1050 1318 valeant
1079 1255 1256 1341 qnantum
1288 1241 1372 1316 Ho-

296 1367 403 1439 meri.
453 1361 777 1452 Quemadmodum
809 1363 922 1461 igitur
955 1386 1001 1437 ex
1033 1365 1178 1469 paucis·
1194 1364 1371 1461 antiquae

298 1481 488 1581 cujusdam
526 1495 670 1558 statuae
701 1482 912 1581 particulis,
947 1504 1043 1580 quae
1073 1484 1170 1557 torte
1190 1495 1370 1587 ‘curatae

296 1618 401 1696 sunt,
426 1605 539 1704 periti
563 1605 812 1699 conjecturam
837 1605 1008 1700 capiunt,
1032 1606 1096 1701 qui
1120 1603 1234 1677 luerit
1258 1606 1368 1679 aruis-

296 1749 423 1803 sarum
454 1726 567 1815 situs,
603 1746 697 1823 quae
720 1725 936 1823 proportio,
960 1724 1016 1798 sic
1038 1724 1096 1797 illi
1120 1748 1168 1798 ex
1191 1726 1367 1824 hisquae

292 1848 482 1942 legerunt,
507 1846 679 1942 quamvis
703 1866 825 1943 pauca
849 1845 943 1934 sint,
968 1842 1016 1916 de
1039 1845 1246 1929 nonlectis
1264 1844 1365 1942 judi·

297 1988 380 2040 care
411 1986 453 2038 se
484 1968 679 2039 autumant
708 1964 884 2036 intestino
915 1962 1077 2061 quodam
1102 1975 1256 2039 naturae
1281 1987 1364 2038 ceu·

296 2105 408 2158 sensu
432 2084 559 2156 omnia
584 2104 679 2180 quae
703 2083 872 2157 homines
891 2086 1063 2180 negitent,
1088 2096 1226 2183 optent,
1250 2106 1363 2178 augu-

296 2216 441 2296 rentur,
488 2201 538 2276 ed
577 2214 715 2277 certam
755 2203 910 2277 rationis
948 2226 1119 2278 normam
1164 2204 1360 2299 dirigentis..

297 2324 398 2401 Scito
421 2333 479 2398 est
503 2323 594 2397 haec
619 2325 740 2397 oratio
766 2336 804 2397 et
828 2324 965 2400 vellem
990 2326 1046 2397 ita
1071 2337 1179 2415 esset,
1208 2324 1281 2400 sed
1295 2347 1363 2401 ve·

294 2466 381 2519 reor
412 2467 460 2517 ne
491 2453 620 2518 contra
652 2445 711 2518 sit.
768 2442 865 2518 Nam
899 2456 937 2518 et
968 2466 1106 2520 norma·
1123 2445 1363 2544 llaec,1quod

297 2574 456 2654 constet,
491 2563 611 2638 adhuc
642 2586 666 2638 a
696 2565 845 2638 nemine
867 2566 1042 2657 inventa,
1075 2576 1113 2640 et
1136 2566 1362 2661 mythologie

257 2774 261 2783 .
295 2682 373 2774 ille,
396 2692 442 2758 nt
464 2681 609 2774 dicium
634 2684 835 2780 originalis·
848 2686 929 2758 sine
953 2684 1069 2760 dubio
1093 2708 1154 2761 res
1182 2709 1361 2791 commen

296 2805 384 2878 ticia
409 2815 484 2894 cst,
507 2803 655 2879 fabulae
679 2817 817 2895 eutem,
841 2805 974 2903 quibus
1000 2817 1167 2880 constare
1192 2806 1362 2897 creditur,

295 2923 391 2998 aliae
423 2925 516 2999 alias
549 2937 671 3015 ortae,
703 2926 902 3023 pleraeque
933 2948 957 2998 a
989 2927 1112 3024 poetis
1144 2935 1183 2999 et
1214 2926 1362 3020 mytho·

294 3043 463 3143 graphis,
514 3046 617 3117 nullo
652 3058 845 3120 auctorum
878 3048 975 3119 inter
1007 3069 1049 3119 se
1073 3067 1273 3135 consensu,
1320 3057 1363 3118 ut

294 3165 351 3237 illi
383 3166 457 3262 ipsi
489 3175 671 3239 testantur
701 3169 766 3264 qui
797 3188 822 3240 a
852 3188 978 3240 rerum
1002 3166 1169 3240 fontibus
1193 3166 1363 3265 proxime

138 3378 141 3385 .
278 3283 483 3374 aluerunt,
515 3280 726 3359 Hecataeus
751 3295 791 3357 et
814 3283 1048 3378 Herodotus,
1081 3309 1238 3386 quorum
1263 3306 1362 3359 com·

296 3402 419 3497 munis
443 3414 501 3475 est
525 3404 672 3500 querela
698 3407 734 3482 oi
753 3403 935 3502 Ἑλλήνων
960 3404 1063 3512 λόγοι
1087 3406 1217 3485 πολλοί
1239 3435 1279 3484 τε
1296 3407 1363 3484 καὶ

295 3527 431 3624 γελοῖοι
469 3534 507 3595 ct
544 3526 581 3599 oi
602 3520 774 3619 Ἕλληνες
801 3527 919 3604 πολλὰ
949 3527 1013 3604 καὶ
1042 3526 1169 3632 γελοῖα
1201 3526 1359 3631 λέγουσι.

281 3640 422 3739 *Itaque
445 3639 641 3716 Aemilaus
665 3641 834 3718 Hesiodo
858 3658 1051 3744 repugnat,
1074 3645 1250 3723 Acusilas
1269 3646 1361 3721 Hel·

295 3759 456 3853 lauicos,
494 3760 555 3835 hio
593 3761 640 3834 ab
681 3763 835 3863 Ephoro
876 3765 1153 3842 mendaciorum
1183 3748 1359 3863 arguitur,
1440 3864 1441 3867 Ἴ

293 3878 466 3983 Eplrorus
494 3902 518 3955 a
541 3880 696 3956 Timaeo
722 3881 871 3983 Joseph.
898 3884 1079 4002 clip-1„
1105 3887 1140 3962 3.
1192 3884 1359 3981 Quomm

293 4001 458 4109 omnium
483 4001 576 4075 nihil
599 4003 679 4076 lieri
704 4004 898 4101 potuisset,
922 4005 966 4095 si,
991 4017 1034 4080 ut
1058 4007 1115 4081 illi
1135 4006 1357 4099 existimant,
