2925 4684
284 230 383 305 1320
614 239 758 298 urana
790 243 1010 297 runrrus.

275 401 328 477 ad
353 400 543 498 Lamprid.
570 400 696 474 Seuer.
722 423 752 474 o
777 398 838 475 ol.
855 400 916 497 [θ’]
949 397 1050 496 quod
1072 382 1196 495 ipsum
1223 405 1364 469 tamen
1435 429 1441 470 r

257 545 354 603 ¹non
378 521 655 620 prissiactum
688 530 745 593 est
776 539 887 616 quam
920 539 989 617 pro
1022 516 1154 591 Italiae
1185 516 1358 589 alumnis
1441 534 1442 537 ’

217 637 218 640 ’
278 655 317 716 et
340 663 494 716 romana
513 642 711 737 juventute
736 638 900 714 Batavos
926 652 963 712 et
989 637 1196 712 Germanos
1220 639 1260 709 in
1289 640 1354 709 sai

277 751 484 838 custodiam
511 761 668 855 allegere
692 763 901 858 coepissent
915 763 930 857 [
944 761 972 858 ].

378 882 483 955 Haec
512 880 620 959 nobis
653 880 861 954 interfanda
892 881 1059 968 luerunt,
1092 899 1167 973 quo
1199 876 1348 949 facilius

275 1004 404 1076 variae
438 1001 485 1073 de
517 1003 670 1074 nomine
694 1013 734 1073 et
756 1012 888 1074 natura
914 997 1137 1073 cabalorum
1162 997 1349 1091 conjectu·
1444 1035 1445 1090 3

275 1146 340 1196 rae
374 1122 536 1218 judicari
575 1133 737 1217 possent.
803 1121 881 1194 Eos
916 1120 1116 1216 daemones
1149 1116 1263 1189 fuisse
1298 1115 1347 1187 de
1444 1101 1445 1106 ¹

154 1330 158 1337 Ι
275 1243 408 1316 Bacchi
433 1241 669 1316 contubernio
690 1241 826 1318 vemili
842 1239 1000 1337 quadam
1016 1238 1222 1336 petulantia
1236 1258 1348 1334 prae.-

275 1363 375 1436 ditos
408 1363 505 1435 clare
537 1363 757 1458 pronunciat
787 1361 1053 1457 Harpocratio,
1084 1358 1187 1432 solus
1220 1370 1346 1429 tamen

274 1484 339 1556 ille
351 1484 393 1581 [¹]
429 1494 471 1554 ut
511 1481 673 1555 dubitari
711 1482 834 1578 possit
873 1492 998 1553 utrum
1031 1490 1176 1555 veteres
1209 1478 1342 1549 Graeci

276 1600 435 1676 Cobalos
460 1602 557 1675 ullos
581 1602 748 1676 venerati
779 1603 853 1673 sint
876 1623 926 1674 an
951 1599 1183 1675 Comicorum
1210 1597 1341 1694 aliquis

274 1709 421 1796 finxerit
445 1723 513 1795 bos
539 1723 645 1820 quasi
670 1720 924 1819 impudentiae
956 1733 993 1794 et
1018 1721 1251 1818 procacitatis
1276 1717 1341 1789 da-

273 1857 372 1916 tores
408 1853 519 1939 atque
553 1842 742 1937 adjutores
769 1833 877 1930 deos,
916 1863 989 1937 quo
1014 1840 1163 1939 quidem
1191 1842 1338 1911 nomine

273 1965 314 2034 in
328 2019 332 2026 .
346 1960 535 2057 Aristoph.
569 1962 659 2058 qu.
694 1961 781 2034 639.
807 1963 982 2050 citantur,
1007 1962 1041 2033 si
1067 1971 1230 2035 veterem
1252 1959 1336 2045 reti-

272 2101 402 2152 nemus
434 2080 648 2169 lectionem3
682 2100 801 2176 neque
832 2081 952 2153 refelli
982 2082 1120 2177 poterit
1150 2082 1184 2152 si
1211 2080 1347 2169 Grams

272 2200 430 2274 maticos
455 2198 576 2271 locum
603 2198 797 2296 quendam
812 2200 1035 2295 ambiguum,
1059 2202 1193 2306 inquo
1214 2199 1337 2293 Satyri
1444 2197 1445 2292 j

162 2383 165 2387 ,
274 2319 388 2393 aliive
413 2318 546 2392 Bacchi
572 2343 813 2415 congerrones
837 2320 990 2423 κόβαλοι
1014 2332 1255 2411 vocarentur,
1281 2342 1337 2391 ar·

236 2425 241 2436 ⁴
271 2441 463 2512 tiliciosius
498 2439 545 2512 de
576 2442 728 2537 proprio
762 2441 924 2538 quodam
957 2440 1181 2512 daemonum
1207 2463 1337 2533 genere
1442 2467 1443 2470 ¹

271 2560 532 2656 interpretatos
566 2582 647 2631 esse
679 2571 827 2634 statuat.
887 2560 961 2635 Sed
993 2563 1025 2640 si
1059 2562 1122 2655 qui
1154 2559 1337 2633 semidae

156 2681 158 2684 ’
271 2694 354 2751 rum
387 2680 440 2751 ita
473 2676 562 2751 dicti
594 2692 697 2769 suot,
748 2683 777 2754 ii
809 2692 905 2752 certe
924 2679 1124 2753 ‘scortandi
1156 2693 1193 2755 et
1217 2678 1337 2751 ludifi-

253 2798 382 2902 candi
408 2807 487 2871 arte
512 2801 700 2897 conspicui
724 2799 847 2890 fuere,
880 2799 980 2872 haud
1005 2800 1133 2898 procul
1159 2795 1335 2894 Goboldis

182 2953 184 2958 v
259 2921 407 2997 ‚nostris
433 2922 515 2994 sive
540 2920 760 3011 viruncalis,
785 2931 829 2993 ut
854 2933 998 3011 vocant,
1024 2919 1246 3009 domesticis,
1272 2920 1336 3017 qui

344 3091 404 3160 [1³1¹]
429 3091 492 3142 Sine
515 3089 567 3143 ullo
593 3091 732 3160 opprobrio
759 3091 890 3145 Celtarum
914 3091 1035 3143 nobilium
1059 3090 1166 3144 soldurii
1189 3090 1333 3161 parasiti
1444 3115 1445 3122 .

272 3167 400 3214 vocantur
416 3178 442 3213 v.
462 3161 573 3213 Casaub.
591 3163 624 3214 ad
636 3162 735 3213 'Atbem
753 3162 799 3213 VI.
817 3180 839 3215 c.
859 3164 900 3214 18.
923 3179 962 3232 sq.
984 3161 1075 3213 Peter.
1097 3161 1131 3213 ud
1152 3160 1282 3230 Epiphan.
1305 3178 1330 3229 p.

271 3230 313 3281 78.
338 3229 866 3284 oberlin.adcaes.B.Gsll.111.21.
902 3231 1008 3283 Sturzii'
1022 3232 1132 3285 Dissert.
1156 3231 1189 3283 de
1212 3231 1329 3283 Commo-

271 3299 398 3354 rientibns
415 3300 505 3351 laudat
520 3301 656 3354 Harlesius
673 3304 699 3355 in
716 3301 797 3356 Febr.
814 3302 846 3356 B.
865 3302 913 3354 Gr.
932 3301 967 3354 Τ.
984 3302 1020 3354 II.
1037 3300 1097 3355 439.
1108 3300 1216 3354 Contra
1234 3302 1332 3371 inspu-

272 3367 342 3421 dici
370 3375 404 3420 et
433 3370 588 3422 obscoeni
618 3371 826 3439 aliquamdiu
850 3372 1012 3428 officiosi
1035 3372 1150 3424 vocati
1180 3377 1258 3424 sunt
1283 3370 1333 3422 Sc-
1444 3371 1445 3436 Ϊ

272 3455 338 3491 neca
361 3438 474 3507 Epitom.
502 3439 625 3492 Controv.
643 3440 675 3495 Ι..
693 3442 740 3493 IV.
758 3441 817 3496 259.

344 3506 389 3576 [1]
422 3508 531 3560 Veteres
549 3510 743 3629 inscriptiones,
768 3511 795 3563 in
818 3512 912 3579 quibus
934 3528 1026 3565 nomen
1051 3511 1195 3565 Germaum
1218 3526 1333 3562 scurram

242 3629 244 3632 ,
271 3578 412 3632 mimariuru
429 3578 576 3645 significare
597 3579 625 3630 vi
643 3585 700 3631 etur
723 3597 780 3633 cum
804 3580 880 3633 simili
903 3582 1033 3636 Martialis
1055 3581 1112 3634 loco
1135 3581 1245 3633 contulit
1266 3579 1334 3631 For-

271 3649 379 3701 cellinus
396 3648 424 3702 in
440 3648 506 3700 Lex.
523 3666 544 3699 s.
563 3650 744 3704 Germanus
768 3669 795 3705 v.
814 3650 911 3704 Marini
928 3653 985 3705 Atti
1001 3654 1064 3705 Aru.
1082 3652 1117 3705 Τ.
1134 3652 1170 3704 ΙΙ.
1192 3649 1333 3718 mallii·
1361 3685 1366 3700 .
1444 3695 1445 3702 ,

177 3773 181 3786 .
271 3737 328 3772 mus
346 3720 502 3772 Gennanuru
521 3735 617 3786 ageas,
641 3729 671 3772 ut
694 3729 802 3791 putant,
826 3724 940 3777 cenritur
961 3722 999 3776 in.
1013 3722 1111 3790 Caylus
1139 3723 1202 3775 Rec.
1226 3721 1260 3774 Τ.
1283 3720 1333 3773 111.
1426 3725 1445 3737 ⁰

271 3806 299 3857 p.
316 3790 377 3842 881.
403 3789 460 3860 [qni
476 3807 502 3860 p.
516 3790 576 3843 980.
594 3791 731 3845 exhibetur
748 3799 852 3846 wuston
868 3800 974 3861 togatus
991 3793 1091 3848 asinino
1108 3794 1203 3863 capite,
1221 3793 1333 3844 fortasse

271 3864 312 3912 est
328 3860 493 3929 Onococtes.]
1355 3880 1358 3885 ⁸

189 4017 193 4022 .
272 3929 393 4066 wfipgiftl
423 3930 581 3986 Scholiastes
597 3930 696 3986 Victor.
720 3932 850 4003 Aristopb.
874 3931 945 3986 Prot.
969 3932 1031 3989 279.
1054 3934 1132 4004 hujus
1155 3934 1237 4048 rerba
1259 3939 1333 3988 oan-
