2925 4684
491 185 851 243 sruornnscrn
1111 176 1210 254 nm

133 346 203 422 bris
226 359 361 447 poetae
385 363 501 440 gerrus
527 341 592 416 diu
618 342 822 416 extinctum
841 343 1099 422 invaluissent.
1124 347 1211 426 Hoc

133 468 214 541 loco
247 465 422 560 subvenit
455 463 611 538 obscsra
645 462 803 536 historia
828 484 853 536 a
878 462 1000 540 Schol.
1025 468 1151 568 Apoll.
1177 473 1206 545 l

135 589 243 664 1141.
270 599 308 660 et
332 585 458 678 Etym.
484 607 521 682 p.
551 583 634 656 lll.
658 582 721 656 46.
747 581 987 659 adumbrata:
1009 589 1207 690 Ἁνταίαὴ

127 710 217 787 Ῥέα
249 706 354 808 παρὰ
385 705 456 802 τὴν·
489 707 630 802 ἄντην,
665 702 724 780 ὅτι
755 710 833 789 τοῖς
862 711 1030 802 Triginta
1055 710 1208 788 ἐναντία

91 881 93 886 s
130 831 284 935 ἐγένετο.
317 885 320 892 .
344 823 390 898 ld
411 825 483 898 etsi
507 845 531 896 a
554 823 670 900 nullo
683 822 955 899 anoveterum
981 828 1206 926 scriptorum

130 947 370 1022 declaratum
383 955 474 1034 est,·
491 942 846 1042 quidmolientibus
871 942 975 1018 eren
1007 946 1206 1042 obstiterit,

130 1078 255 1142 temen
279 1067 324 1139 si·
337 1079 497 1138 ceteram
510 1065 631 1160 'hujus
644 1063 748 1138 *deae
769 1066 809 1136 in
823 1065 1105 1164 propugnandis
1118 1069 1206 1146 liliis
1244 1071 1247 1081 ’

37 1233 45 1254 2
129 1199 167 1262 et
199 1184 396 1285 nepotibus
429 1183 618 1258 solertiam
645 1195 684 1258 et
708 1183 888 1260 adversus
913 1187 1086 1262 inimicos
1111 1191 1206 1287 vigi·
1307 1230 1311 1248 ·

15 1294 22 1303 ’
127 1307 281 1381 landam
319 1308 529 1393 intuemur,
569 1327 658 1378 non
679 1304 857 1378 aliorsum
889 1305 1039 1381 uidetur
1071 1308 1204 1384 relerri

127 1448 241 1526 posse
275 1448 389 1523 qnam
419 1424 470 1497 ad
493 1423 651 1498 insidias
676 1426 743 1496 uni
769 1424 1004 1499 alumnorum
1029 1438 1203 1523 structam

125 1544 226 1620 unde
240 1543 454 1643 vprobabilis
480 1544 605 1619 existit
635 1546 855 1639 conjectura,
880 1543 1086 1638 Telchines,
1111 1571 1204 1647 quos

126 1663 319 1739 Diodorus
353 1663 569 1760 Neptunum
594 1661 771 1738 educasse
797 1661 927 1754 tradit,
963 1665 1011 1739 ab
1037 1667 1121 1740 aliis
1146 1669 1202 1742 hi·

128 1787 267 1858 storiae
305 1782 484 1856 fabularis
524 1783 798 1858 enarratoribu's
838 1805 883 1855 co
926 1781 1078 1858 indutos
1120 1806 1203 1861 esse

127 1925 309 2002 persona,
333 1924 454 2000 -quam
470 1904 527 1976 &in
559 1903 710 2000 Epaphi
735 1902 941 2000 Bacchique
975 1902 1111 1979 fabulis
1137 1904 1201 1979 Ti-

127 2035 232 2096 tanes
266 2033 304 2096 et
338 2018 490 2095 Curetes
522 2023 704 2097 sustinere
729 2021 911 2116 uidemus.
962 2020 1048 2096 lam
1076 2005 1201 2123 quum,

126 2142 288 2216 ntalias
313 2140 420 2217 lovis
446 2141 673 2216 concubinas·
687 2143 742 2214 ita
755 2140 938 2216 Latonam
958 2145 1079 2220 ‘etiam
1105 2148 1203 2242 eJus-

128 2285 199 2359 quc
231 2264 445 2366 progeniem
479 2259 635 2336 lunonis
668 2259 768 2334 odiis
793 2264 1016 2356 exagitatam
1044 2275 1200 2356 constet,

126 2380 227 2455 hand
257 2404 347 2455 sane
379 2386 460 2457 veri
492 2380 662 2455 absimile
695 2392 771 2470 est,
805 2379 1022 2456 Telchinum
1046 2404 1201 2455 manum
1287 2477 1291 2486 x
1437 2439 1447 2448 .

126 2500 384 2576 struendarum
422 2499 645 2578 insidiarum
682 2501 894 2575 ministram
933 2502 1059 2576 fuisse.
1117 2500 1200 2577 Hos

130 2622 229 2693 enim
269 2620 321 2694 ab
356 2620 534 2719 Apolline
574 2623 793 2696 interemtos
834 2644 915 2696 esse
956 2632 1086 2721 aperte
1105 2699 1108 2706 Δ
1125 2634 1198 2696 tra·

128 2737 184 2812 dit
222 2738 374 2814 'servius
415 2740 465 2813 ad
501 2740 594 2814 Aen.
636 2740 699 2815 IV.
741 2741 827 2814 377.
880 2750 919 2813 et
959 2740 1110 2838 quidem
1158 2743 1199 2815 in
1343 2706 1369 2794 .'

126 2859 208 2958 lupi
254 2859 416 2933 formam
448 2882 646 2952 converso3
685 2883 822 2958 nempe
854 2851 904 2933 ad
938 2858 1198 2956 explicandum

123 2980 310 3079 Apollinis
342 2980 449 3073 Lycii
481 3003 636 3072 nomen,
675 2982 736 3053 cui
768 2980 833 3053 alii
866 3003 888 3051 e
920 2982 1124 3069 contrario,
1158 2993 1201 3056 ut

125 3112 212 3175 sunt
242 3102 598 3200 mythographorum
624 3110 852 3188 commenta,
878 3121 1022 3172 sacrum
1047 3121 1071 3173 a
1095 3100 1220 3195 Lyco»
1257 3110 1263 3120 '

125 3220 298 3296 Telchine
331 3225 572 3296 constitutum
606 3243 688 3302 esse
714 3220 921 3296 voluerunt.
972 3218 1024 3291 Et
1047 3220 1088 3291 in
1114 3242 1197 3295 eam

70 3371 72 3375 ⁴
124 3344 341 3417 sententiam
368 3342 553 3416 Lactantii
585 3363 732 3440 quoqne
756 3340 873 3417 verba
899 3340 1016 3437 accipi
1041 3352 1198 3439 possunt
1295 3391 1298 3400 -

126 3457 375 3536 Telchines
408 3462 597 3562 Jupiter
631 3474 830 3560 propter
870 3458 1198 3535 odium'Juno-
1335 3537 1338 3544 ,

125 3580 196 3650 nis
222 3581 429 3678 subjecit
453 3583 588 3671 mari,
613 3583 683 3655 hoc
709 3596 776 3673 est,
802 3585 889 3680 quia
915 3579 993 3662 odii
1017 3582 1197 3654 ministris

124 3720 193 3771 usa
217 3711 297 3772 erat
321 3700 566 3783 Telchinibns.
604 3700 679 3774 Sed
703 3714 828 3798 potest
852 3704 933 3775 lieri
958 3710 1000 3775 nt
1024 3703 1109 3797 ipsa
1134 3720 1197 3770 eo-

124 3840 208 3892 rum
233 3817 378 3892 insidiis
404 3825 521 3918 petita
535 3834 573 3897 et
587 3822 712 3895 Rheae
727 3821 918 3919 praesidio
933 3829 1100 3920 protecta
1116 3817 1197 3891 fue·

124 3939 184 4011 rit.
236 3939 297 4013 De
322 3939 464 4014 Baccho
490 3946 642 4040 prorsus
658 3942 759 4032 ¹nihil
787 3952 946 4033 constat3
981 3959 1067 4011 nam
1094 3936 1194 4034 quod

146 4065 148 4069 ’
173 4060 210 4126 ΙΙ.
901 4085 910 4097 ’»
942 4060 994 4133 27
