2925 4684
260 204 361 282 1324
597 218 741 276 crans
774 186 993 276 ruamus.

256 391 332 469 tes,
357 378 422 476 qui
446 373 548 473 apud
571 374 732 471 Argivos
757 382 964 478 γυμνῆτες,
990 372 1029 449 id
1051 387 1108 449 est
1125 375 1331 478 velites['].

253 499 378 598 Atque
402 497 463 569 hic
486 493 595 582 nobis
613 496 779 572 ‚occurrit
802 516 929 569 scurra
953 494 1056 569 voles
1069 492 1157 569 ⁴Cic.
1176 497 1248 594 Ep.
1261 496 1331 571 ΙΧ.

254 621 316 694 20.
349 616 494 714 dequo
515 616 596 709 jam
621 614 731 688 multi
756 613 947 705 dixerunt,
978 626 1020 689 et
1041 615 1099 690 illi
1125 628 1332 692 castrenses

254 761 413 827 scurrae,
439 735 635 833 dequibus
663 734 862 830 Gregorius
887 733 979 809 Nau.
1005 733 1068 808 Or.
1094 733 1140 808 V.
1169 733 1252 809 155.
1277 737 1330 810 D.

254 869 335 937 τῶν
364 863 591 962 γελοιαστῶν
621 852 834 956 βαρβάρων
858 859 895 933 ot
918 862 995 941 τοῖς
1021 863 1192 955 στρατοῖς
1217 859 1330 935 ἕπον-

253 1009 316 1056 ται
342 975 458 1075 λύπης
482 1004 522 1051 τε
547 975 775 1079 ψυχαγωγία
799 974 864 1053 καὶ
886 971 1015 1060 πόνοις
1039 975 1202 1075 ἥδυσμα.
1253 977 1330 1051 His

255 1111 396 1172 ceteros
432 1094 604 1169 militaris
637 1094 805 1169 luxuriae
838 1096 1028 1170 ministros
1060 1094 1222 1191 adJ'ungo
1239 1101 1330 1172 ani-

253 1240 369 1307 mos,
403 1214 763 1305 saltatriculas,
795 1215 1217 1314 praestigiatores,
1244 1219 1330 1314 qui-
1443 1257 1444 1272 ο

252 1337 324 1414 bus
349 1336 566 1409 Plutarchus
591 1336 633 1408 in
648 1332 702 1416 X·
729 1334 869 1410 Cleom.
889 1334 971 1408 Xll
996 1335 1139 1408 nullum
1164 1336 1241 1408 iere
1262 1361 1328 1410 ex-

253 1458 407 1536 ercitum
433 1457 593 1532 caruisse
618 1455 765 1545 scribit,
790 1477 903 1555 porro
935 1467 1092 1529 scorta
1117 1456 1327 1556 (cinaedos)

256 1588 304 1649 et
343 1574 553 1659 calones,
591 1576 782 1671 vulgarem
830 1585 1033 1650 cmuorum
1073 1575 1195 1649 labem
1236 1576 1329 1650 Flo-

191 1732 194 1744 ·
251 1720 314 1771 rus
354 1696 452 1778 Hist.
484 1696 531 1770 ll.
569 1695 626 1769 18.
663 1697 721 1769 10.
769 1696 814 1769 cf.
846 1696 990 1770 Dukeri
1030 1708 1118 1770 not:
1147 1706 1184 1768 et
1215 1719 1329 1793 pro-

252 1818 506 1891 cacissima
539 1816 965 1912 lixarumingcnia
998 1814 1112 1888 Tacit.
1146 1813 1244 1918 Hist
1276 1818 1327 1890 ΙΙ.

250 1933 313 2008 87.
347 1936 392 2008 cf.
419 1935 524 2009 snio.
550 1957 580 2008 s.
602 1941 748 2021 Λεῖξαι.
781 1948 971 2034 postremo
1003 1934 1182 2012 Ribaldos
1207 1936 1326 2011 medii

250 2056 353 2143 aevi,
387 2051 589 2142 Caunum,
609 2054 819 2150 ,lenonum,
844 2078 1054 2129 scurrarum
1078 2078 1230 2138 munera
1256 2080 1325 2136 va-‚

248 2176 306 2248 ria
340 2173 555 2272 complexos
588 2194 623 2246 v.
648 2172 791 2269 Menag.
819 2174 927 2271 Orig,
952 2173 999 2246 de
1024 2174 1062 2247 la
1085 2174 1182 2269 langt
1197 2176 1318 2247 franc.

247 2318 285 2392 p.
318 2293 405 2368 623.
456 2290 509 2366 Hi
541 2293 654 2388 igitur
678 2305 882 2408 castrorum
909 2295 1094 2368 asseculae
1119 2294 1325 2388 lixabuudi,

175 2503 177 2508 ⁴
249 2412 449 2492 Calones
490 2398 752 2510 famulique
791 2413 1071 2511 metellique
1104 2415 1322 2489 caculae·
1443 2401 1444 2410 ἵ

248 2556 335 2632 que
367 2543 465 2605 certe
495 2532 623 2606 idonei
647 2531 822 2607 videntur
846 2530 988 2630 quibus
1004 2531 1229 2625 cabalorum
1256 2559 1324 2612 no-

231 2667 335 2734 fmen
375 2654 457 2736 sive
494 2672 703 2726 scurrarum
720 2652 764 2749 [¹]
798 2652 998 2742 tribuatur,
1038 2676 1156 2752 neque
1188 2655 1352 2734 dubito
1443 2699 1444 2710 ο

247 2775 336 2872 quin
362 2769 492 2846 Cicero
516 2792 629 2870 quum
655 2773 724 2845 illa
748 2772 923 2846 scriberet
946 2772 1019 2846 Μο
1043 2786 1248 2858 autema
1274 2789 1323 2852 te

245 2906 304 2982 ut
322 2913 532 2967 seurram
559 2892 755 2986 velitem
779 2892 916 2986 malis
945 2876 1189 2968 oneratum
1215 2919 1321 2971 esse

245 3012 568 3102 nonmolcste
586 3011 695 3114 tuli,
719 3011 792 3084 hoc
815 3013 1099 3110 potiusgenus,
1125 3014 1322 3090 undenos

246 3155 392 3233 quoque
426 3152 564 3205 nornen
578 3198 582 3214 ,
596 3131 637 3203 iu
661 3131 831 3204 homines
848 3123 982 3208 'fustes
1008 3136 1227 3244 nanslatum
1250 3137 1321 3211 ba-

152 3333 154 3338 ,
246 3254 376 3326 bemus
402 3248 656 3349 (Trossbube)‚
683 3272 794 3346 quam
817 3255 1023 3348 parasitum
1045 3255 1139 3349 jocis
1156 3257 1322 3347 ,velitan-

317 3491 365 3560 [ν]
390 3490 541 3559 Lyctiorum
558 3484 709 3559 καλοφόροι
726 3488 822 3543 Athen.
839 3490 888 3545 1v.
908 3492 966 3547 143.
984 3494 1016 3547 B.
1035 3512 1097 3548 sane
1114 3495 1186 3564 ligna
1203 3496 1238 3548 ud
1255 3513 1321 3551 coe-
1443 3515 1444 3520 ¹

247 3579 306 3616 narn
324 3561 503 3631 apparandum·
518 3565 670 3628 apportasse
688 3558 822 3625 videntur,
849 3561 917 3616 sicut
934 3565 1037 3617 calones
1061 3582 1163 3634 quoque
1184 3566 1323 3636 interpre-'
1443 3615 1444 3618 ,

246 3639 336 3690 tantur
353 3629 467 3684 nonnulli
483 3625 547 3689 wisc
563 3623 629 3689 ξύλα
646 3631 780 3700 φέροντας
797 3633 844 3685 καὶ
860 3626 929 3687 ἄλλα
940 3632 994 3698 ὅσος
1012 3633 1156 3709 apompeus
1176 3625 1216 3697 ἐἰς
1229 3640 1319 3705 ποίη-

245 3720 292 3758 σιν
304 3697 520 3777 χαρακώματος,
546 3705 576 3751 nt
592 3699 739 3753 Pausaniae
756 3702 843 3754 verbis
860 3709 920 3756 utar
937 3705 983 3757 IV.
1002 3705 1026 3759 7.

315 3819 354 3894 [¹]
389 3822 514 3876 Aminiam
546 3821 641 3875 XXIX.
671 3818 696 3874 4.
721 3819 746 3874 4.
777 3823 913 3877 venalia
944 3805 1318 3898 duce'nteslmancipia

245 3909 401 3962 scurrae,
424 3895 480 3947 siue
497 3893 577 3947 dubio
596 3898 656 3945 snut
672 3892 749 3945 lixae.
