2925 4684
277 220 355 298 898
598 233 744 290 ornan
766 230 1027 291 srcouous.

275 397 415 501 ,saca
444 388 613 491 μιιιχης
647 387 842 494 smenon
867 385 912 460 v.
937 388 977 459 r.
1003 369 1100 463 cix.
1125 388 1214 486 eu.
1247 393 1351 488 aja

250 512 422 614 ,φύλλον
462 508 664 613 ἱερώτατον
697 512 794 588 εἶναι
826 507 1014 584 dictitavit
1045 508 1189 584 Aelim.
1226 511 1270 584 V.
1301 513 1350 586 H.

276 633 339 707 iv.
371 633 408 706 7.
449 641 624 728 mumque
654 630 833 724 religione
864 631 989 701 sanxit
1019 641 1064 702 ut
1096 628 1272 705 Proculus
1304 655 1355 706 ne

147 777 153 782 ·
270 775 392 851 -qunm
417 762 625 845 aegrotaret
648 748 800 848 qrridem
825 760 864 822 et
887 748 1053 822 malicus
1078 752 1352 845 urgeretmal-

275 877 337 947 vis
369 874 471 947 vesci
503 873 738 960 sustinuerit,
774 870 871 947 κατὰ
895 871 964 947 τὸν
990 868 1262 973 Πυθαγόρειον
1283 871 1353 950 νό-
1416 942 1420 948 .

128 1067 137 1078 ,
277 1021 353 1092 μοι
393 995 464 1068 οὐκ
500 994 673 1089 ἠνέσχετο
705 989 876 1090 μαλάχης
907 987 1049 1066 ἐσθίειν
1070 983 1257 1063 ‘Damaso
1289 987 1351 1089 ap.

173 1209 176 1216 A
277 1113 385 1187 Phot.
418 1108 593 1184 cchu.
636 1109 722 1183 560.
751 1109 1037 1183 Sanctimouiae
1078 1120 1203 1183 autem
1241 1111 1351 1206 hujus

277 1233 369 1306 baec
397 1231 548 1305 afferurr
572 1229 816 1306 alamhliclro
841 1231 979 1303 ratio‘
965 1230 1023 1306 ότι
1047 1226 1176 1331 πρώτη
1198 1233 1352 1334 ἄγγελος

271 1354 345 1430 καὶ
369 1350 581 1452 σημάντρια
592 1355 855 1449 occasuram
880 1349 1069 1450 οὐρανίων
1088 1352 1182 1450 πρὸς
1201 1351 1351 1454 ἐπίγεια.

279 1470 381 1568 quod
406 1493 429 1544 a
453 1467 678 1544 Jahlonskio
697 1471 1002 1566 praetermissum
1028 1480 1085 1541 est
1109 1490 1155 1539 eo
1179 1468 1261 1539 loco
1277 1489 1351 1564 quo
1437 1522 1440 1526 «

280 1589 328 1663 de
362 1590 447 1663 l'elis
479 1602 518 1663 et
543 1590 662 1662 aeluri
688 1613 772 1663 urm
797 1590 888 1663 luna
913 1588 1128 1686 sympathia
1153 1581 1196 1666 et
1216 1588 1352 1658 uuius-

193 1769 195 1774 .
278 1732 350 1807 que
382 1711 561 1804 religione
597 1707 765 1805 disputat
796 1709 837 1781 L.
854 1697 935 1781 ill.
968 1708 1003 1781 3.
1036 1709 1072 1780 3.
1126 1706 1177 1777 Et
1208 1726 1260 1776 ex»
1279 1705 1350 1793 his,
1424 1696 1428 1706 '

280 1851 375 1926 quac
405 1829 521 1903 modo
553 1830 764 1916 attulimus,
796 1830 954 1923 intelligi
978 1828 1093 1903 velim
1120 1823 1210 1924 quid
1233 1825 1283 1896 sit
1305 1825 1351 1896 il-

173 1953 175 1956 ’
278 1946 355 2036 lud,
383 1948 484 2046 qnod
508 1949 549 2021 in
574 1949 643 2020 liae
668 1947 919 2045 disputatione
944 1948 1145 2041 mysticum
1173 1945 1349 2035 dicimus3

188 2053 190 2056 ⁵
269 2068 385 2161 ¹eujus
410 2064 584 2142 vocabuli
608 2067 726 2142 facilis
752 2080 809 2141 cst
833 2069 1060 2156 intellectus,
1094 2065 1258 2140 delinitio
1284 2089 1348 2139 au-
1399 2091 1402 2101 ·

269 2177 356 2259 item
389 2187 447 2259 cui
473 2208 541 2259 nec
566 2186 663 2260 desit
687 2186 890 2287 quidquam
916 2212 983 2261 nec
1008 2189 1186 2283 supersit,
1210 2185 1349 2283 perdif-

269 2304 396 2380 teiln.
444 2304 506 2379 Aa
529 2308 741 2382 institutum
766 2321 934 2384 nostrum
958 2304 1111 2381 'tanturn
1133 2318 1263 2379 notare
1289 2323 1349 2378 ex-

269 2421 402 2520 pedit,
438 2428 517 2501 vim
552 2428 660 2523 hujus
685 2430 848 2501 nominis
873 2430 1033 2530 positam
1060 2428 1205 2499 esseio
1231 2425 1348 2499 ambi-

141 2579 143 2588 s
268 2545 378 2616 ·tioso
416 2547 580 2641 quodam
621 2547 761 2621 studio
785 2560 941 2622 secretas
981 2569 1106 2620 rerum
1146 2568 1277 2620 causas
1310 2558 1348 2619 et

271 2653 478 2764 principia,
514 2691 610 2763 qrrae
641 2681 707 2740 aut
737 2679 870 2740 natura
900 2670 1047 2763 penitus
1080 2662 1257 2739 absumit
1283 2669 1382 2739 aut¹

276 2804 337 2857 ars
371 2795 409 2855 et
442 2788 540 2858 ratio
576 2786 742 2861 nondum
766 2786 974 2880 indagavit,
998 2788 1264 2883 superstitiosis
1289 2809 1347 2858 ar-

273 2904 412 2998 guendi
445 2906 760 2979 hariolationibos.
826 2906 975 2978 Etenim
1011 2906 1075 2977 ille
1107 2906 1189 3001 ipse
1221 2928 1346 2978 rerum

275 3024 498 3124 coelestium
518 3037 558 3097 et
584 3028 811 3100 terrestrium
836 3036 1031 3097 concentus
1057 3025 1142 3097 fons
1169 3036 1208 3099 et
1233 3037 1345 3123 caput
1381 3087 1384 3088 f

274 3153 331 3214 est
354 3143 464 3236 hujus
490 3148 670 3238 mysticae
695 3144 920 3241 sapientiae,
955 3166 1050 3238 quae
1075 3142 1122 3215 ab
1157 3144 1279 3219 obviis
1306 3156 1344 3217 et

147 3249 149 3262 '
274 3261 475 3356 exploratis
498 3285 583 3340 orsa
600 3267 675 3337 alia
700 3265 784 3336 aliis
809 3262 1038 3340 adnectendo
1064 3262 1111 3334 ad
1138 3274 1342 3340 extremum

273 3390 404 3454 cuncta
429 3380 575 3457 libidini
600 3406 691 3456 suae
714 3382 872 3476 subjecit
896 3382 1077 3480 legesque,
1103 3379 1236 3478 quibus
1250 3403 1342 3456 coe

271 3498 382 3587 lum,
402 3511 540 3591 terrae,
573 3504 690 3576 maria
715 3515 943 3595 regerentur,
967 3504 1132 3576 sciscere
1157 3522 1248 3596 ausa
1273 3513 1341 3580 est.

271 3589 380 3706 droa
413 3621 473 3694 vel
506 3620 590 3716 hinc
623 3633 826 3720 apparet
848 3623 943 3696 Nam
977 3622 1124 3697 malvas
1157 3632 1194 3694 et
1220 3632 1340 3698 cotem

268 3737 491 3836 heliotropia
522 3741 612 3814 solis
644 3763 790 3842 cursum
816 3741 863 3814 ad
892 3764 1063 3817 occasum
1087 3745 1143 3814 ita
1168 3743 1272 3837 sequi
1296 3752 1339 3812 ut

266 3878 423 3955 semper,
446 3882 533 3932 eum
565 3872 749 3957 spectent,
783 3861 900 3938 oculis
926 3863 1101 3953 cernitar,
1125 3863 1220 3934 item
1247 3872 1338 3934 tem·
1454 3860 1457 3864 ’

265 3989 444 4072 penates,
478 3979 647 4068 morbos,
681 3978 800 4053 undas
833 4003 916 4062 cum
948 3983 1037 4056 luna
1063 3981 1273 4057 decrescere
1298 3993 1340 4054 et
