2925 4684
409 337 417 355 „
526 268 798 329 ouunrcn.
1124 252 1223 329 1007

150 425 373 526 Psophidius
406 426 590 510 consimili
615 425 803 523 Apollinis
828 426 1043 498 testimonio
1069 437 1222 520 arnume
1260 412 1263 420 ’

148 559 224 641 ast3
256 549 461 623 sciscitanti
493 550 592 620 enim
629 546 776 640 Gygae,
811 567 900 619 num
927 546 1059 644 aliquis
1084 557 1232 623 morta·⁴

147 673 241 744 lium
272 693 314 743 se
348 669 444 742 esset
475 667 639 757 felicior,
671 666 763 750 dens
796 665 894 740 hunc
918 664 1106 754 Arcadum
1131 691 1224 767 pau·

148 792 354 889 pertimum
379 789 555 888 praetulit
563 789 619 886 [Ἴ.
670 787 865 860 Postremo
892 785 1071 881 Synesius
1097 786 1145 861 de
1163 790 1224 862 In·

148 932 269 984 somn.
301 933 338 1007 p.
376 907 461 983 135.
488 905 528 982 C.
565 929 611 980 ex
637 911 748 1008 ἱεροῖς
773 907 910 1011 λογίοις
935 907 1006 982 lroc
1031 907 1138 983 affert
1163 931 1224 983 ea·

149 1030 235 1102 dem
260 1031 443 1103 sententia
1028 1059 1030 1066 ·

235 1163 281 1230 Οὐ
300 1169 423 1229 θυσιῶν
443 1160 626 1247 σπλάγχνων
647 1160 673 1224 τ’
695 1158 825 1243 ὄθομαι,
847 1158 915 1226 τάδ’
940 1156 1111 1249 ἀθύρματα
1121 1160 1224 1230 πάντα
1289 1157 1294 1168 ’

149 1285 248 1384 quod
273 1288 422 1383 saepias
447 1284 635 1359 inculcant
660 1281 885 1381 philosophi,
910 1283 1141 1382 Porphyrius
1153 1285 1224 1384 Ep.

148 1406 196 1480 ad
221 1406 384 1479 Marcell.
411 1405 472 1478 23.
499 1427 536 1502 p.
563 1402 625 1476 41.
653 1402 793 1478 Seneca
818 1403 865 1476 de
891 1403 1017 1479 Benel.
1043 1405 1072 1478 Ι.
1098 1404 1134 1479 o.
1160 1406 1220 1481 21.

149 1537 185 1599 et
211 1527 285 1600 alii.

301 1902 871 1998 EPIMETRUM
955 1847 1070 2000 xi.

378 2103 662 2198 ⁸adc.Vlll.
705 2107 956 2228 sancet.
1035 2094 1040 2107 “

252 2294 481 2367 Sententiam
523 2302 691 2367 nosuam
731 2255 786 2366 de
813 2291 990 2389 Cotyttiis
1020 2306 1060 2369 et
1091 2298 1222 2398 Raptis

150 2427 238 2491 ante
271 2416 409 2490 multos
442 2430 559 2488 annos
589 2416 630 2488 in
662 2413 763 2488 Dius.
796 2415 842 2487 ll.
867 2414 916 2490 de
940 2415 1064 2491 Morte
1088 2415 1224 2494 Bacchi

150 2637 227 2700 milri,
256 2636 318 2705 quin
341 2633 477 2704 utriusque
501 2633 544 2687 del
569 2640 673 2687 statuae
696 2634 841 2706 antiquitus
866 2634 931 2687 nihil
953 2635 1025 2689 aliud
1050 2654 1126 2706 qnam
1148 2640 1219 2709 cipi

105 2707 109 2718 ‘
150 2707 309 2776 sepulcrales
324 2705 423 2757 iruerint
444 2704 612 2757 monumentis
634 2704 760 2773 majorum
780 2704 895 2774 impositi
918 2699 1031 2759 orlificio
1053 2708 1114 2761 rodi
1136 2725 1153 2761 n
1191 2727 1220 2761 o-

152 2793 205 2846 que
219 2776 288 2828 inter
303 2793 332 2829 se
348 2775 495 2828 discrimine
511 2775 562 2828 nisi
579 2775 663 2844 quod,
686 2775 731 2844 qui
749 2775 863 2828 virorum
877 2776 1068 2846 imponerentur
1084 2778 1220 2849 sepulcris,

150 2846 241 2918 phallu
258 2846 488 2914 distinguerentur,
506 2847 552 2915 qui
568 2845 717 2911 mulierum,
736 2846 863 2899 femineae
880 2845 980 2899 formae
998 2845 1127 2914 quandam
1144 2864 1220 2916 gere—

150 2923 211 2971 rent
233 2916 430 2970 similitudinem.
470 2916 503 2968 In
529 2915 705 2985 Theophrast.
733 2913 814 2968 Char.
835 2914 908 2969 xvi.
930 2915 1145 2985 Hermaphroditi
1166 2915 1221 2980 vdici

100 3025 117 3038 ,.
150 2989 273 3042 videntur
294 2988 419 3056 majorum
435 2987 572 3053 utriusque
588 3003 666 3037 sexus
683 2985 786 3052 effigies
802 2984 965 3038 cubiculares
981 2987 1030 3039 sub
1047 2987 1136 3056 specie
1151 2987 1220 3039 Her·

149 3075 248 3113 marum
266 3057 412 3111 biformium
428 3060 611 3118 consecratae3
634 3072 693 3107 nam
709 3055 753 3107 dei
769 3054 995 3123 Hermephrodid,
1018 3072 1094 3123 quem
1111 3056 1221 3111 Schnei-

149 3130 228 3182 derus
246 3127 280 3180 ad
302 3127 410 3180 Aristot.
434 3126 513 3180 Polit.
535 3143 564 3209 p.
581 3124 643 3178 509.
667 3133 695 3177 et
715 3122 882 3176 Heinrichins
904 3123 945 3178 De
968 3126 1124 3196 Hermaphr.
1148 3147 1175 3199 p.
1192 3128 1219 3183 8.

151 3197 295 3269 significari
318 3204 426 3267 putant,
448 3202 489 3249 tot
505 3199 586 3250 fmsse
603 3195 631 3247 in
647 3212 700 3248 una
721 3195 826 3265 privata
848 3192 923 3248 donlo
947 3196 1037 3265 signa,
1063 3203 1093 3251 ut
1115 3198 1149 3251 iis
1172 3216 1220 3251 er·

149 3269 272 3323 ornandis
295 3264 343 3334 ὅλη
365 3264 454 3340 ἡμέρα
478 3284 496 3319 a
522 3266 702 3336 superstitioso
723 3265 769 3319 illo
791 3265 903 3335 impendi
961 3267 1053 3333 tuerit,
1077 3268 1124 3322 vix
1146 3269 1218 3323 credi

150 3346 248 3409 potest.
282 3338 314 3390 In
337 3337 453 3408 Alciphr.
471 3337 521 3391 III.
540 3339 584 3395 87.
607 3332 764 3411 εἰρεσιώνην
785 3336 905 3397 ulsiaco
926 3283 989 3414 ἕξιν
1008 3338 1046 3400 εἰς
1059 3334 1220 3464 Ἐρίιαφρο-

149 3410 240 3478 δίτου,
264 3411 302 3477 τῷ
315 3406 505 3475 Ἀλωπεκῆθεν
521 3404 620 3476 ταύτην
642 3404 835 3476 destinasse,
858 3406 920 3459 mihi
941 3424 1032 3478 pamm
1055 3418 1218 3484 exputatum

149 3480 254 3533 videtur
269 3478 514 3550 Hermaphroditum
531 3478 574 3531 dei
594 3480 682 3547 potius
704 3496 781 3549 quam
802 3477 911 3532 hominis
931 3497 989 3532 esse
1011 3498 1111 3536 nomen.
1147 3481 1220 3545 Quid

149 3551 218 3602 enim
235 3566 329 3602 causae
346 3549 462 3604 habebat
478 3548 570 3602 mulier
583 3548 671 3603 uidua
693 3557 732 3614 et,
756 3554 786 3603 ut
807 3548 866 3619 ipsa
886 3550 1038 3617 profitetur,
1061 3569 1078 3605 a
1099 3552 1218 3605 secundis

150 3620 218 3673 votis
235 3626 291 3672 toto
309 3620 393 3673 animo
411 3621 563 3685 abhorrens,
580 3635 627 3672 cur
643 3621 704 3672 divo
721 3620 940 3690 Hermaphrodito
959 3621 1130 3693 supplicatum
1146 3621 1220 3674 iretl
1408 3679 1411 3686 ,

150 3706 199 3741 cur
221 3691 341 3744 maritum
366 3707 441 3744 snum
470 3707 521 3743 non
550 3689 706 3743 Phaedriam
735 3689 848 3744 nominat
877 3691 923 3745 sed
950 3690 999 3748 τὸν
1021 3690 1219 3759 Ἀλωπεκῆθεν,
1307 3735 1309 3740 ,

148 3760 225 3827 quasi
240 3761 438 3830 Alopecensium
453 3760 577 3815 unicorni
1254 3807 1260 3808 ff

220 3846 262 3916 [θ]
289 3848 379 3905 Valer.
398 3849 472 3901 Max.
489 3849 550 3902 VII.
569 3847 593 3900 1.
610 3846 636 3898 2.
661 3847 695 3898 ci.
712 3845 821 3898 Faciam
838 3847 873 3899 ad
889 3847 967 3899 Paua.
984 3847 1059 3899 VIII.
1076 3843 1120 3899 24.
1145 3844 1216 3900 Hinc

149 3917 298 3971 Granertus
315 3919 349 3970 de
366 3918 460 3989 Aesop.
477 3936 504 3988 p.
521 3917 563 3970 62.
581 3922 669 3969 natum
685 3918 763 3986 putot
778 3914 843 3970 illud
861 3916 930 3985 quod
952 3915 985 3968 de
1008 3915 1101 3968 Croesi
1123 3920 1151 3969 et
1168 3916 1217 3969 So·

148 3986 215 4039 lonis
238 3988 368 4058 colloquio
391 3995 513 4040 narrator
536 3992 583 4041 aut
599 3992 671 4041 certe
693 3991 830 4054 utrumque
852 3986 960 4059 perJnde
980 3984 1126 4040 fabulosum
1143 4004 1217 4051 sase3

149 4073 255 4125 quorum
272 4059 402 4127 posterius
418 4057 507 4111 verius
523 4059 597 4111 duco.
632 4056 676 4109 Ex
692 4055 740 4110 illa
756 4056 905 4110 nmatione
922 4053 1046 4110 confinxit
1063 4056 1158 4126 aliquis
1174 4057 1215 4111 in·
