<?xml version="1.0" encoding="UTF-8"?>
<!DOCTYPE html PUBLIC "-//W3C//DTD XHTML 1.0 Transitional//EN"
    "http://www.w3.org/TR/xhtml1/DTD/xhtml1-transitional.dtd">
<html xmlns="http://www.w3.org/1999/xhtml" xml:lang="en" lang="en">
 <head>
  <title>
</title>
<meta http-equiv="Content-Type" content="text/html;charset=utf-8" />
  <meta name='ocr-system' content='tesseract 3.04.00' />
  <meta name='ocr-capabilities' content='ocr_page ocr_carea ocr_par ocr_line ocrx_word'/>
</head>
<body>
  <div class='ocr_page' id='page_1' title='image "aglaophamussive00lobegoog_0258.png"; bbox 0 0 2925 4684; ppageno 0'>
   <div class='ocr_carea' id='block_1_1' title="bbox 207 231 1030 326">
    <p class='ocr_par' dir='ltr' id='par_1_1' title="bbox 207 231 1030 326">
     <span class='ocr_line' id='line_1_1' title="bbox 207 231 1030 326; baseline 0 -12"><span class='ocrx_word' id='word_1_1' title='bbox 207 231 209 234; x_wconf 72' lang='grc'><strong>’</strong></span> <span class='ocrx_word' id='word_1_2' title='bbox 273 247 372 326; x_wconf 80' lang='lat'><strong>1028</strong></span> <span class='ocrx_word' id='word_1_3' title='bbox 597 256 742 315; x_wconf 82' lang='lat' dir='ltr'><strong>ursus</strong></span> <span class='ocrx_word' id='word_1_4' title='bbox 767 259 1030 317; x_wconf 78' lang='lat' dir='ltr'><strong>sncuuous.</strong></span> 
     </span>
    </p>
   </div>
   <div class='ocr_carea' id='block_1_2' title="bbox 272 417 1348 757">
    <p class='ocr_par' dir='ltr' id='par_1_2' title="bbox 272 417 1348 757">
     <span class='ocr_line' id='line_1_2' title="bbox 272 417 1348 527; baseline -0.018 -26"><span class='ocrx_word' id='word_1_5' title='bbox 272 434 426 527; x_wconf 84' lang='lat' dir='ltr'><strong>propter</strong></span> <span class='ocrx_word' id='word_1_6' title='bbox 452 419 556 495; x_wconf 86' lang='lat' dir='ltr'><strong>ducis</strong></span> <span class='ocrx_word' id='word_1_7' title='bbox 581 418 700 517; x_wconf 92' lang='lat' dir='ltr'><strong>ipsius</strong></span> <span class='ocrx_word' id='word_1_8' title='bbox 724 418 915 512; x_wconf 83' lang='lat' dir='ltr'><strong>ingenium</strong></span> <span class='ocrx_word' id='word_1_9' title='bbox 939 417 1059 490; x_wconf 88' lang='lat' dir='ltr'><strong>multo</strong></span> <span class='ocrx_word' id='word_1_10' title='bbox 1075 420 1164 526; x_wconf 23' lang='lat' dir='ltr'><strong>&#39;veri</strong></span> <span class='ocrx_word' id='word_1_11' title='bbox 1186 419 1348 494; x_wconf 68' lang='lat' dir='ltr'><strong>similius</strong></span> 
     </span>
     <span class='ocr_line' id='line_1_3' title="bbox 272 533 1346 637; baseline -0.01 -14"><span class='ocrx_word' id='word_1_12' title='bbox 272 545 440 633; x_wconf 87' lang='lat' dir='ltr'><strong>videtur,</strong></span> <span class='ocrx_word' id='word_1_13' title='bbox 472 541 599 615; x_wconf 80' lang='lat' dir='ltr'>licebit</span> <span class='ocrx_word' id='word_1_14' title='bbox 622 537 733 611; x_wconf 87' lang='lat' dir='ltr'><strong>nobis</strong></span> <span class='ocrx_word' id='word_1_15' title='bbox 764 533 867 610; x_wconf 90' lang='lat' dir='ltr'><strong>idem</strong></span> <span class='ocrx_word' id='word_1_16' title='bbox 899 536 1066 628; x_wconf 86' lang='lat' dir='ltr'><strong>eredere,</strong></span> <span class='ocrx_word' id='word_1_17' title='bbox 1089 537 1201 637; x_wconf 89' lang='lat' dir='ltr'><strong>·quod</strong></span> <span class='ocrx_word' id='word_1_18' title='bbox 1232 538 1346 613; x_wconf 75' lang='lat' dir='ltr'><strong>Athe</strong></span> 
     </span>
     <span class='ocr_line' id='line_1_4' title="bbox 274 654 1348 757; baseline -0.009 -15"><span class='ocrx_word' id='word_1_19' title='bbox 274 667 457 742; x_wconf 90' lang='lat' dir='ltr'><strong>niensium</strong></span> <span class='ocrx_word' id='word_1_20' title='bbox 481 659 583 735; x_wconf 88' lang='lat' dir='ltr'><strong>haud</strong></span> <span class='ocrx_word' id='word_1_21' title='bbox 608 679 749 757; x_wconf 82' lang='lat' dir='ltr'><strong>paucos</strong></span> <span class='ocrx_word' id='word_1_22' title='bbox 774 654 976 731; x_wconf 76' lang='lat' dir='ltr'><strong>credidisse</strong></span> <span class='ocrx_word' id='word_1_23' title='bbox 996 670 1150 733; x_wconf 84' lang='lat' dir='ltr'><strong>constat.</strong></span> <span class='ocrx_word' id='word_1_24' title='bbox 1190 657 1250 734; x_wconf 89' lang='lat' dir='ltr'><strong>De</strong></span> <span class='ocrx_word' id='word_1_25' title='bbox 1275 657 1348 733; x_wconf 85' lang='lat' dir='ltr'><strong>Co-</strong></span> 
     </span>
    </p>
   </div>
   <div class='ocr_carea' id='block_1_3' title="bbox 127 773 1348 879">
    <p class='ocr_par' dir='ltr' id='par_1_3' title="bbox 127 773 1348 879">
     <span class='ocr_line' id='line_1_5' title="bbox 127 773 1348 879; baseline -0.007 -17"><span class='ocrx_word' id='word_1_26' title='bbox 127 819 130 824; x_wconf 47' lang='lat'><em>⁴</em></span> <span class='ocrx_word' id='word_1_27' title='bbox 274 773 456 861; x_wconf 79' lang='lat' dir='ltr'><strong>misorum</strong></span> <span class='ocrx_word' id='word_1_28' title='bbox 481 779 556 854; x_wconf 87' lang='lat' dir='ltr'><strong>lide</strong></span> <span class='ocrx_word' id='word_1_29' title='bbox 579 781 621 852; x_wconf 90' lang='lat' dir='ltr'><strong>in</strong></span> <span class='ocrx_word' id='word_1_30' title='bbox 644 778 861 878; x_wconf 84' lang='lat' dir='ltr'><strong>universum</strong></span> <span class='ocrx_word' id='word_1_31' title='bbox 892 779 998 853; x_wconf 82' lang='lat' dir='ltr'><strong>valet</strong></span> <span class='ocrx_word' id='word_1_32' title='bbox 1031 779 1169 871; x_wconf 87' lang='lat' dir='ltr'><strong>adhue,</strong></span> <span class='ocrx_word' id='word_1_33' title='bbox 1203 782 1348 879; x_wconf 84' lang='lat' dir='ltr'><strong>opinor,</strong></span> 
     </span>
    </p>
   </div>
   <div class='ocr_carea' id='block_1_4' title="bbox 277 900 731 1007">
    <p class='ocr_par' dir='ltr' id='par_1_4' title="bbox 277 900 731 1007">
     <span class='ocr_line' id='line_1_6' title="bbox 277 900 731 1007; baseline -0.026 -25"><span class='ocrx_word' id='word_1_34' title='bbox 277 906 377 1007; x_wconf 90' lang='lat' dir='ltr'><strong>quod</strong></span> <span class='ocrx_word' id='word_1_35' title='bbox 402 902 469 978; x_wconf 90' lang='lat' dir='ltr'><strong>diu</strong></span> <span class='ocrx_word' id='word_1_36' title='bbox 493 900 615 977; x_wconf 90' lang='lat' dir='ltr'><strong>valuit</strong></span> <span class='ocrx_word' id='word_1_37' title='bbox 728 923 731 930; x_wconf 78' lang='grc'>’</span> 
     </span>
    </p>
   </div>
   <div class='ocr_carea' id='block_1_5' title="bbox 360 1037 1257 1424">
    <p class='ocr_par' dir='ltr' id='par_1_5' title="bbox 360 1037 1257 1424">
     <span class='ocr_line' id='line_1_7' title="bbox 362 1037 1257 1123; baseline -0.003 -19"><span class='ocrx_word' id='word_1_38' title='bbox 362 1045 485 1120; x_wconf 85' lang='lat' dir='ltr'><strong>Eupolis</strong></span> <span class='ocrx_word' id='word_1_39' title='bbox 507 1052 594 1119; x_wconf 84' lang='lat' dir='ltr'><strong>atque</strong></span> <span class='ocrx_word' id='word_1_40' title='bbox 616 1037 751 1098; x_wconf 84' lang='lat' dir='ltr'><strong>Cratinus</strong></span> <span class='ocrx_word' id='word_1_41' title='bbox 772 1037 1176 1123; x_wconf 76' lang='lat' dir='ltr'><strong>Aristophanesquepoetse,</strong></span> <span class='ocrx_word' id='word_1_42' title='bbox 1254 1061 1257 1066; x_wconf 90' lang='lat'>·</span> 
     </span>
     <span class='ocr_line' id='line_1_8' title="bbox 363 1141 1219 1223; baseline -0.001 -18"><span class='ocrx_word' id='word_1_43' title='bbox 363 1150 389 1205; x_wconf 82' lang='lat' dir='ltr'><strong>si</strong></span> <span class='ocrx_word' id='word_1_44' title='bbox 410 1148 474 1223; x_wconf 83' lang='lat' dir='ltr'><strong>quis</strong></span> <span class='ocrx_word' id='word_1_45' title='bbox 497 1154 560 1204; x_wconf 84' lang='lat' dir='ltr'><strong>erat</strong></span> <span class='ocrx_word' id='word_1_46' title='bbox 580 1143 687 1223; x_wconf 78' lang='lat' dir='ltr'><strong>dignus</strong></span> <span class='ocrx_word' id='word_1_47' title='bbox 709 1141 851 1214; x_wconf 74' lang='lat' dir='ltr'>describi,</span> <span class='ocrx_word' id='word_1_48' title='bbox 874 1142 951 1219; x_wconf 89' lang='lat' dir='ltr'><strong>quod</strong></span> <span class='ocrx_word' id='word_1_49' title='bbox 971 1147 1063 1203; x_wconf 82' lang='lat' dir='ltr'><strong>malus</strong></span> <span class='ocrx_word' id='word_1_50' title='bbox 1085 1156 1136 1204; x_wconf 83' lang='lat' dir='ltr'><strong>sut</strong></span> <span class='ocrx_word' id='word_1_51' title='bbox 1155 1146 1219 1219; x_wconf 80' lang='lat' dir='ltr'><strong>sur,</strong></span> 
     </span>
     <span class='ocr_line' id='line_1_9' title="bbox 364 1245 1113 1327; baseline 0 -19"><span class='ocrx_word' id='word_1_52' title='bbox 364 1250 442 1327; x_wconf 83' lang='lat' dir='ltr'><strong>quod</strong></span> <span class='ocrx_word' id='word_1_53' title='bbox 461 1245 598 1307; x_wconf 83' lang='lat' dir='ltr'><strong>moeebus</strong></span> <span class='ocrx_word' id='word_1_54' title='bbox 618 1245 697 1304; x_wconf 82' lang='lat' dir='ltr'><strong>leret</strong></span> <span class='ocrx_word' id='word_1_55' title='bbox 713 1254 769 1315; x_wconf 62' lang='lat' dir='ltr'><strong>,aut</strong></span> <span class='ocrx_word' id='word_1_56' title='bbox 789 1245 911 1303; x_wconf 77' lang='lat' dir='ltr'><strong>siesrius</strong></span> <span class='ocrx_word' id='word_1_57' title='bbox 932 1257 984 1306; x_wconf 85' lang='lat' dir='ltr'><strong>aut</strong></span> <span class='ocrx_word' id='word_1_58' title='bbox 1004 1249 1113 1326; x_wconf 78' lang='lat' dir='ltr'><strong>alioqui</strong></span> 
     </span>
     <span class='ocr_line' id='line_1_10' title="bbox 360 1347 1157 1424; baseline 0 -16"><span class='ocrx_word' id='word_1_59' title='bbox 360 1353 501 1424; x_wconf 73' lang='lat' dir='ltr'><strong>inmotus,</strong></span> <span class='ocrx_word' id='word_1_60' title='bbox 521 1351 614 1413; x_wconf 75' lang='lat' dir='ltr'><strong>multu</strong></span> <span class='ocrx_word' id='word_1_61' title='bbox 627 1351 702 1405; x_wconf 84' lang='lat' dir='ltr'><strong>-eum&#39;</strong></span> <span class='ocrx_word' id='word_1_62' title='bbox 719 1347 855 1408; x_wconf 84' lang='lat' dir='ltr'><strong>libertate</strong></span> <span class='ocrx_word' id='word_1_63' title='bbox 876 1349 1028 1423; x_wconf 76' lang='lat' dir='ltr'><strong>notabam,</strong></span> <span class='ocrx_word' id='word_1_64' title='bbox 1153 1351 1157 1356; x_wconf 83' lang='lat'>&#39;</span> 
     </span>
    </p>
   </div>
   <div class='ocr_carea' id='block_1_6' title="bbox 205 1479 1451 2308">
    <p class='ocr_par' dir='ltr' id='par_1_6' title="bbox 205 1479 1451 2308">
     <span class='ocr_line' id='line_1_11' title="bbox 279 1479 1350 1575; baseline -0.002 -14"><span class='ocrx_word' id='word_1_65' title='bbox 279 1509 355 1562; x_wconf 87' lang='lat' dir='ltr'><strong>non</strong></span> <span class='ocrx_word' id='word_1_66' title='bbox 385 1487 479 1560; x_wconf 85' lang='lat' dir='ltr'><strong>fietis</strong></span> <span class='ocrx_word' id='word_1_67' title='bbox 512 1481 690 1559; x_wconf 83' lang='lat' dir='ltr'><strong>ludebant</strong></span> <span class='ocrx_word' id='word_1_68' title='bbox 720 1479 877 1573; x_wconf 82' lang='lat' dir='ltr'><strong>fabulis,</strong></span> <span class='ocrx_word' id='word_1_69' title='bbox 916 1505 993 1556; x_wconf 91' lang='lat' dir='ltr'><strong>non</strong></span> <span class='ocrx_word' id='word_1_70' title='bbox 1023 1505 1141 1575; x_wconf 88' lang='lat' dir='ltr'><strong>vana,</strong></span> <span class='ocrx_word' id='word_1_71' title='bbox 1177 1484 1350 1559; x_wconf 88' lang='lat' dir='ltr'><strong>inaudita</strong></span> 
     </span>
     <span class='ocr_line' id='line_1_12' title="bbox 276 1591 1351 1706; baseline -0.002 -24"><span class='ocrx_word' id='word_1_72' title='bbox 276 1620 319 1683; x_wconf 82' lang='lat' dir='ltr'><strong>et</strong></span> <span class='ocrx_word' id='word_1_73' title='bbox 348 1597 419 1706; x_wconf 87' lang='lat' dir='ltr'><strong>pro</strong></span> <span class='ocrx_word' id='word_1_74' title='bbox 459 1603 691 1680; x_wconf 85' lang='lat' dir='ltr'><strong>irreredibilia</strong></span> <span class='ocrx_word' id='word_1_75' title='bbox 730 1599 780 1675; x_wconf 88' lang='lat' dir='ltr'><strong>ad</strong></span> <span class='ocrx_word' id='word_1_76' title='bbox 818 1592 1000 1701; x_wconf 84' lang='lat' dir='ltr'><strong>populum</strong></span> <span class='ocrx_word' id='word_1_77' title='bbox 1042 1591 1242 1679; x_wconf 77' lang='lat' dir='ltr'><strong>afferebant</strong></span> <span class='ocrx_word' id='word_1_78' title='bbox 1282 1607 1351 1680; x_wconf 84' lang='lat' dir='ltr'><strong>eri-</strong></span> 
     </span>
     <span class='ocr_line' id='line_1_13' title="bbox 278 1724 1351 1822; baseline -0.003 -19"><span class='ocrx_word' id='word_1_79' title='bbox 278 1731 393 1803; x_wconf 88' lang='lat' dir='ltr'><strong>mina.</strong></span> <span class='ocrx_word' id='word_1_80' title='bbox 452 1726 769 1813; x_wconf 84' lang='lat' dir='ltr'><strong>Verum-tamen,</strong></span> <span class='ocrx_word' id='word_1_81' title='bbox 803 1725 838 1810; x_wconf 82' lang='lat' dir='ltr'><strong>si</strong></span> <span class='ocrx_word' id='word_1_82' title='bbox 870 1725 1028 1822; x_wconf 87' lang='lat' dir='ltr'><strong>Eupolis</strong></span> <span class='ocrx_word' id='word_1_83' title='bbox 1060 1724 1250 1801; x_wconf 79' lang='lat' dir='ltr'><strong>Socratem</strong></span> <span class='ocrx_word' id='word_1_84' title='bbox 1284 1737 1351 1800; x_wconf 85' lang='lat' dir='ltr'><strong>aut</strong></span> 
     </span>
     <span class='ocr_line' id='line_1_14' title="bbox 280 1841 1451 1941; baseline -0.003 -18"><span class='ocrx_word' id='word_1_85' title='bbox 280 1849 457 1923; x_wconf 73' lang='lat' dir='ltr'>Periclem</span> <span class='ocrx_word' id='word_1_86' title='bbox 481 1858 548 1923; x_wconf 87' lang='lat' dir='ltr'><strong>aut</strong></span> <span class='ocrx_word' id='word_1_87' title='bbox 572 1846 689 1918; x_wconf 89' lang='lat' dir='ltr'><strong>alium</strong></span> <span class='ocrx_word' id='word_1_88' title='bbox 715 1846 929 1941; x_wconf 88' lang='lat' dir='ltr'><strong>quempiam</strong></span> <span class='ocrx_word' id='word_1_89' title='bbox 951 1849 1119 1921; x_wconf 85' lang='lat' dir='ltr'><strong>virorum</strong></span> <span class='ocrx_word' id='word_1_90' title='bbox 1140 1841 1352 1939; x_wconf 86' lang='lat' dir='ltr'><strong>illustrium,</strong></span> <span class='ocrx_word' id='word_1_91' title='bbox 1448 1883 1451 1888; x_wconf 36' lang='lat'>¹</span> 
     </span>
     <span class='ocr_line' id='line_1_15' title="bbox 205 1953 1352 2068; baseline 0 -25"><span class='ocrx_word' id='word_1_92' title='bbox 205 1953 208 1960; x_wconf 38' lang='lat'>¹</span> <span class='ocrx_word' id='word_1_93' title='bbox 280 1988 445 2067; x_wconf 84' lang='lat' dir='ltr'><strong>quorum·</strong></span> <span class='ocrx_word' id='word_1_94' title='bbox 468 1968 549 2041; x_wconf 90' lang='lat' dir='ltr'><strong>vita</strong></span> <span class='ocrx_word' id='word_1_95' title='bbox 581 1965 690 2039; x_wconf 92' lang='lat' dir='ltr'><strong>nobis</strong></span> <span class='ocrx_word' id='word_1_96' title='bbox 722 1974 900 2061; x_wconf 79' lang='lat' dir='ltr'><strong>tanquam</strong></span> <span class='ocrx_word' id='word_1_97' title='bbox 932 1967 1033 2063; x_wconf 88' lang='lat' dir='ltr'><strong>pieta</strong></span> <span class='ocrx_word' id='word_1_98' title='bbox 1065 1964 1203 2042; x_wconf 88' lang='lat' dir='ltr'><strong>tabella</strong></span> <span class='ocrx_word' id='word_1_99' title='bbox 1236 1965 1352 2068; x_wconf 85' lang='lat' dir='ltr'><strong>patet,</strong></span> 
     </span>
     <span class='ocr_line' id='line_1_16' title="bbox 281 2077 1351 2185; baseline 0.002 -24"><span class='ocrx_word' id='word_1_100' title='bbox 281 2088 397 2185; x_wconf 63' lang='lat' dir='ltr'><strong>huJus*</strong></span> <span class='ocrx_word' id='word_1_101' title='bbox 416 2086 546 2185; x_wconf 79' lang='lat' dir='ltr'><strong>probri</strong></span> <span class='ocrx_word' id='word_1_102' title='bbox 576 2077 846 2175; x_wconf 63' lang='lat' dir='ltr'><strong>insimulasset,</strong></span> <span class='ocrx_word' id='word_1_103' title='bbox 878 2106 954 2159; x_wconf 89' lang='lat' dir='ltr'><strong>non</strong></span> <span class='ocrx_word' id='word_1_104' title='bbox 982 2088 1125 2160; x_wconf 81' lang='lat' dir='ltr'><strong>-orimen</strong></span> <span class='ocrx_word' id='word_1_105' title='bbox 1157 2088 1252 2162; x_wconf 89' lang='lat' dir='ltr'><strong>illud</strong></span> <span class='ocrx_word' id='word_1_106' title='bbox 1282 2088 1351 2162; x_wconf 87' lang='lat' dir='ltr'><strong>sed</strong></span> 
     </span>
     <span class='ocr_line' id='line_1_17' title="bbox 280 2188 1443 2308; baseline 0.001 -26"><span class='ocrx_word' id='word_1_107' title='bbox 280 2208 481 2308; x_wconf 85' lang='lat' dir='ltr'><strong>petulantis</strong></span> <span class='ocrx_word' id='word_1_108' title='bbox 510 2206 624 2303; x_wconf 86' lang='lat' dir='ltr'><strong>jurgii</strong></span> <span class='ocrx_word' id='word_1_109' title='bbox 664 2199 873 2282; x_wconf 75' lang='lat' dir='ltr'><strong>conuicium</strong></span> <span class='ocrx_word' id='word_1_110' title='bbox 886 2253 889 2260; x_wconf 67' lang='grc'><strong><em>«</em></strong></span> <span class='ocrx_word' id='word_1_111' title='bbox 904 2188 1104 2282; x_wconf 62' lang='lat' dir='ltr'><strong>udderetur.</strong></span> <span class='ocrx_word' id='word_1_112' title='bbox 1160 2210 1222 2283; x_wconf 91' lang='lat' dir='ltr'><strong>De</strong></span> <span class='ocrx_word' id='word_1_113' title='bbox 1252 2209 1353 2284; x_wconf 85' lang='lat' dir='ltr'><strong>Alei·</strong></span> <span class='ocrx_word' id='word_1_114' title='bbox 1438 2221 1443 2230; x_wconf 76' lang='grc'><strong>“</strong></span> 
     </span>
    </p>
   </div>
   <div class='ocr_carea' id='block_1_7' title="bbox 184 2318 1430 4111">
    <p class='ocr_par' dir='ltr' id='par_1_7' title="bbox 184 2318 1430 4111">
     <span class='ocr_line' id='line_1_18' title="bbox 281 2318 1351 2428; baseline 0.001 -26"><span class='ocrx_word' id='word_1_115' title='bbox 281 2327 394 2402; x_wconf 91' lang='lat' dir='ltr'><strong>biade</strong></span> <span class='ocrx_word' id='word_1_116' title='bbox 426 2338 551 2401; x_wconf 90' lang='lat' dir='ltr'><strong>autern</strong></span> <span class='ocrx_word' id='word_1_117' title='bbox 589 2328 740 2424; x_wconf 87' lang='lat' dir='ltr'><strong>ejusque</strong></span> <span class='ocrx_word' id='word_1_118' title='bbox 772 2330 965 2427; x_wconf 74' lang='grc' dir='ltr'><strong><em>ἐρασταῖς,</em></strong></span> <span class='ocrx_word' id='word_1_119' title='bbox 1000 2352 1112 2427; x_wconf 91' lang='lat' dir='ltr'><strong>quum</strong></span> <span class='ocrx_word' id='word_1_120' title='bbox 1136 2318 1351 2428; x_wconf 80' lang='lat' dir='ltr'><strong>nibilejus&#39;-</strong></span> 
     </span>
     <span class='ocr_line' id='line_1_19' title="bbox 281 2439 1353 2549; baseline 0.001 -27"><span class='ocrx_word' id='word_1_121' title='bbox 281 2446 388 2523; x_wconf 85' lang='lat' dir='ltr'><strong>modi</strong></span> <span class='ocrx_word' id='word_1_122' title='bbox 411 2445 603 2546; x_wconf 88' lang='lat' dir='ltr'><strong>proditum</strong></span> <span class='ocrx_word' id='word_1_123' title='bbox 630 2449 681 2521; x_wconf 90' lang='lat' dir='ltr'><strong>sit</strong></span> <span class='ocrx_word' id='word_1_124' title='bbox 705 2446 808 2544; x_wconf 91' lang='lat' dir='ltr'><strong>quod</strong></span> <span class='ocrx_word' id='word_1_125' title='bbox 840 2446 1059 2546; x_wconf 74' lang='lat' dir='ltr'><strong>dissipatam</strong></span> <span class='ocrx_word' id='word_1_126' title='bbox 1093 2449 1152 2527; x_wconf 85' lang='lat' dir='ltr'><strong>ab</strong></span> <span class='ocrx_word' id='word_1_127' title='bbox 1166 2439 1353 2549; x_wconf 86' lang='lat' dir='ltr'><strong>Eupolide</strong></span> 
     </span>
     <span class='ocr_line' id='line_1_20' title="bbox 281 2566 1430 2666; baseline 0.003 -24"><span class='ocrx_word' id='word_1_128' title='bbox 281 2568 422 2642; x_wconf 87' lang='lat' dir='ltr'><strong>famam</strong></span> <span class='ocrx_word' id='word_1_129' title='bbox 449 2569 656 2664; x_wconf 88' lang='lat' dir='ltr'><strong>extinguat,</strong></span> <span class='ocrx_word' id='word_1_130' title='bbox 691 2566 812 2641; x_wconf 89' lang='lat' dir='ltr'><strong>multa</strong></span> <span class='ocrx_word' id='word_1_131' title='bbox 836 2591 932 2666; x_wconf 92' lang='lat' dir='ltr'><strong>quae</strong></span> <span class='ocrx_word' id='word_1_132' title='bbox 956 2572 1188 2661; x_wconf 82' lang='lat' dir='ltr'><strong>confirment,</strong></span> <span class='ocrx_word' id='word_1_133' title='bbox 1213 2582 1362 2662; x_wconf 65' lang='lat' dir='ltr'><strong>manet·</strong></span> <span class='ocrx_word' id='word_1_134' title='bbox 1427 2567 1430 2586; x_wconf 87' lang='lat'>&#39;</span> 
     </span>
     <span class='ocr_line' id='line_1_21' title="bbox 184 2673 1351 2789; baseline 0.002 -25"><span class='ocrx_word' id='word_1_135' title='bbox 184 2719 190 2728; x_wconf 65' lang='grc'><em>’</em></span> <span class='ocrx_word' id='word_1_136' title='bbox 285 2714 380 2789; x_wconf 90' lang='lat' dir='ltr'><strong>quae</strong></span> <span class='ocrx_word' id='word_1_137' title='bbox 396 2690 513 2764; x_wconf 90' lang='lat' dir='ltr'><strong>semel</strong></span> <span class='ocrx_word' id='word_1_138' title='bbox 528 2679 706 2787; x_wconf 87' lang='lat' dir='ltr'><strong>adspersa</strong></span> <span class='ocrx_word' id='word_1_139' title='bbox 722 2699 785 2762; x_wconf 85' lang='lat' dir='ltr'><strong>est&#39;</strong></span> <span class='ocrx_word' id='word_1_140' title='bbox 799 2673 838 2762; x_wconf 81' lang='lat' dir='ltr'><strong>et</strong></span> <span class='ocrx_word' id='word_1_141' title='bbox 853 2694 960 2787; x_wconf 86' lang='lat' dir='ltr'><strong>quasi</strong></span> <span class='ocrx_word' id='word_1_142' title='bbox 975 2693 1200 2769; x_wconf 86' lang='lat' dir='ltr'><strong>inveteravit</strong></span> <span class='ocrx_word' id='word_1_143' title='bbox 1217 2695 1256 2767; x_wconf 91' lang='lat' dir='ltr'><strong>in</strong></span> <span class='ocrx_word' id='word_1_144' title='bbox 1272 2695 1351 2789; x_wconf 87' lang='lat' dir='ltr'><strong>ejus</strong></span> 
     </span>
     <span class='ocr_line' id='line_1_22' title="bbox 283 2809 1354 2906; baseline 0 -21"><span class='ocrx_word' id='word_1_145' title='bbox 283 2813 436 2885; x_wconf 87' lang='lat' dir='ltr'><strong>nomine</strong></span> <span class='ocrx_word' id='word_1_146' title='bbox 466 2810 621 2884; x_wconf 81' lang='lat' dir='ltr'><strong>macula.</strong></span> <span class='ocrx_word' id='word_1_147' title='bbox 674 2809 716 2881; x_wconf 86' lang='lat' dir='ltr'><strong>Si</strong></span> <span class='ocrx_word' id='word_1_148' title='bbox 742 2811 828 2906; x_wconf 91' lang='lat' dir='ltr'><strong>quis</strong></span> <span class='ocrx_word' id='word_1_149' title='bbox 849 2809 980 2884; x_wconf 64' lang='lat' dir='ltr'><strong>‘autem</strong></span> <span class='ocrx_word' id='word_1_150' title='bbox 1004 2811 1077 2885; x_wconf 89' lang='lat' dir='ltr'><strong>bue</strong></span> <span class='ocrx_word' id='word_1_151' title='bbox 1100 2809 1281 2903; x_wconf 78' lang='lat' dir='ltr'><strong>declinet,¹</strong></span> <span class='ocrx_word' id='word_1_152' title='bbox 1310 2823 1354 2886; x_wconf 91' lang='lat' dir='ltr'><strong>ut</strong></span> 
     </span>
     <span class='ocr_line' id='line_1_23' title="bbox 281 2923 1353 3029; baseline -0.001 -22"><span class='ocrx_word' id='word_1_153' title='bbox 281 2934 422 3007; x_wconf 78' lang='lat' dir='ltr'><strong>crimen</strong></span> <span class='ocrx_word' id='word_1_154' title='bbox 446 2923 746 3029; x_wconf 69' lang='lat' dir='ltr'><strong>ipsum&#39;quidem</strong></span> <span class='ocrx_word' id='word_1_155' title='bbox 771 2929 884 3027; x_wconf 87' lang='lat' dir='ltr'><strong>vulgo</strong></span> <span class='ocrx_word' id='word_1_156' title='bbox 913 2932 1098 3026; x_wconf 82' lang='lat' dir='ltr'><strong>J‘aetatum</strong></span> <span class='ocrx_word' id='word_1_157' title='bbox 1122 2955 1203 3007; x_wconf 90' lang='lat' dir='ltr'><strong>esse</strong></span> <span class='ocrx_word' id='word_1_158' title='bbox 1227 2925 1353 3008; x_wconf 77' lang='lat' dir='ltr'><strong>eonse-</strong></span> 
     </span>
     <span class='ocr_line' id='line_1_24' title="bbox 225 3041 1353 3151; baseline 0 -24"><span class='ocrx_word' id='word_1_159' title='bbox 225 3041 229 3047; x_wconf 68' lang='grc'><strong>’</strong></span> <span class='ocrx_word' id='word_1_160' title='bbox 285 3053 368 3144; x_wconf 88' lang='lat' dir='ltr'><strong>dat,</strong></span> <span class='ocrx_word' id='word_1_161' title='bbox 401 3050 469 3125; x_wconf 88' lang='lat' dir='ltr'><strong>sed</strong></span> <span class='ocrx_word' id='word_1_162' title='bbox 493 3049 588 3124; x_wconf 93' lang='lat' dir='ltr'><strong>illud</strong></span> <span class='ocrx_word' id='word_1_163' title='bbox 612 3072 654 3124; x_wconf 92' lang='lat' dir='ltr'><strong>se</strong></span> <span class='ocrx_word' id='word_1_164' title='bbox 682 3048 854 3124; x_wconf 88' lang='lat' dir='ltr'><strong>dubitare</strong></span> <span class='ocrx_word' id='word_1_165' title='bbox 884 3054 1101 3151; x_wconf 86' lang='lat' dir='ltr'><strong>profiteatur</strong></span> <span class='ocrx_word' id='word_1_166' title='bbox 1131 3041 1223 3129; x_wconf 87' lang='lat' dir='ltr'><strong>uum</strong></span> <span class='ocrx_word' id='word_1_167' title='bbox 1253 3054 1353 3129; x_wconf 85' lang='lat' dir='ltr'><strong>Aloi-</strong></span> 
     </span>
     <span class='ocr_line' id='line_1_25' title="bbox 284 3159 1353 3271; baseline 0.003 -27"><span class='ocrx_word' id='word_1_168' title='bbox 284 3170 413 3245; x_wconf 87' lang='lat' dir='ltr'><strong>biades</strong></span> <span class='ocrx_word' id='word_1_169' title='bbox 432 3170 519 3244; x_wconf 64' lang='lat' dir='ltr'><strong>‘dies</strong></span> <span class='ocrx_word' id='word_1_170' title='bbox 543 3172 661 3245; x_wconf 79' lang='lat' dir='ltr'><strong>festos</strong></span> <span class='ocrx_word' id='word_1_171' title='bbox 688 3167 862 3264; x_wconf 85' lang='lat' dir='ltr'><strong>Cotyttus</strong></span> <span class='ocrx_word' id='word_1_172' title='bbox 894 3159 1055 3271; x_wconf 84' lang='lat' dir='ltr'><strong>turpiter</strong></span> <span class='ocrx_word' id='word_1_173' title='bbox 1086 3163 1244 3271; x_wconf 78' lang='lat' dir='ltr'><strong>agitasse</strong></span> <span class='ocrx_word' id='word_1_174' title='bbox 1277 3198 1353 3248; x_wconf 88' lang='lat' dir='ltr'><strong>ere-</strong></span> 
     </span>
     <span class='ocr_line' id='line_1_26' title="bbox 286 3283 1354 3392; baseline 0.006 -29"><span class='ocrx_word' id='word_1_175' title='bbox 286 3289 386 3363; x_wconf 88' lang='lat' dir='ltr'><strong>ditus</strong></span> <span class='ocrx_word' id='word_1_176' title='bbox 417 3292 484 3392; x_wconf 82' lang='lat' dir='ltr'><strong>sit,</strong></span> <span class='ocrx_word' id='word_1_177' title='bbox 517 3290 609 3364; x_wconf 90' lang='lat' dir='ltr'><strong>mibi</strong></span> <span class='ocrx_word' id='word_1_178' title='bbox 641 3299 708 3363; x_wconf 87' lang='lat' dir='ltr'><strong>aut</strong></span> <span class='ocrx_word' id='word_1_179' title='bbox 740 3283 973 3367; x_wconf 83' lang='lat' dir='ltr'><strong>communem</strong></span> <span class='ocrx_word' id='word_1_180' title='bbox 1005 3317 1193 3369; x_wconf 82' lang='lat' dir='ltr'><strong>sacrorum</strong></span> <span class='ocrx_word' id='word_1_181' title='bbox 1226 3285 1354 3369; x_wconf 87' lang='lat' dir='ltr'><strong>dome·</strong></span> 
     </span>
     <span class='ocr_line' id='line_1_27' title="bbox 286 3399 1354 3512; baseline 0.004 -27"><span class='ocrx_word' id='word_1_182' title='bbox 286 3411 480 3512; x_wconf 76' lang='lat' dir='ltr'><strong>eticorum</strong></span> <span class='ocrx_word' id='word_1_183' title='bbox 498 3422 536 3484; x_wconf 89' lang='lat' dir='ltr'><strong>et</strong></span> <span class='ocrx_word' id='word_1_184' title='bbox 560 3409 841 3509; x_wconf 78' lang='lat' dir='ltr'><strong>pervigiliarum</strong></span> <span class='ocrx_word' id='word_1_185' title='bbox 866 3405 1005 3488; x_wconf 84' lang='lat' dir='ltr'><strong>famam</strong></span> <span class='ocrx_word' id='word_1_186' title='bbox 1028 3403 1197 3511; x_wconf 70' lang='lat' dir='ltr'><strong>ignosar&#39;e</strong></span> <span class='ocrx_word' id='word_1_187' title='bbox 1223 3426 1293 3490; x_wconf 88' lang='lat' dir='ltr'><strong>aut·</strong></span> <span class='ocrx_word' id='word_1_188' title='bbox 1312 3399 1354 3489; x_wconf 89' lang='lat' dir='ltr'><strong>in</strong></span> 
     </span>
     <span class='ocr_line' id='line_1_28' title="bbox 285 3528 1354 3630; baseline 0.006 -28"><span class='ocrx_word' id='word_1_189' title='bbox 285 3552 327 3602; x_wconf 89' lang='lat' dir='ltr'><strong>re</strong></span> <span class='ocrx_word' id='word_1_190' title='bbox 351 3530 504 3606; x_wconf 87' lang='lat' dir='ltr'><strong>minime</strong></span> <span class='ocrx_word' id='word_1_191' title='bbox 527 3528 735 3604; x_wconf 81' lang='lat' dir='ltr'><strong>incredibili</strong></span> <span class='ocrx_word' id='word_1_192' title='bbox 758 3530 987 3625; x_wconf 83' lang='lat' dir='ltr'><strong>Pyrrhonem</strong></span> <span class='ocrx_word' id='word_1_193' title='bbox 1013 3557 1121 3630; x_wconf 89' lang='lat' dir='ltr'><strong>agere</strong></span> <span class='ocrx_word' id='word_1_194' title='bbox 1155 3534 1354 3613; x_wconf 87' lang='lat' dir='ltr'><strong>videbitur.</strong></span> 
     </span>
     <span class='ocr_line' id='line_1_29' title="bbox 283 3635 1353 3756; baseline 0.005 -32"><span class='ocrx_word' id='word_1_195' title='bbox 283 3647 392 3741; x_wconf 75' lang='lat' dir='ltr'><strong>Quae</strong></span> <span class='ocrx_word' id='word_1_196' title='bbox 415 3673 529 3748; x_wconf 82' lang='lat' dir='ltr'><strong>quum</strong></span> <span class='ocrx_word' id='word_1_197' title='bbox 554 3652 609 3723; x_wconf 91' lang='lat' dir='ltr'><strong>ita</strong></span> <span class='ocrx_word' id='word_1_198' title='bbox 633 3650 725 3740; x_wconf 89' lang='lat' dir='ltr'><strong>siut,</strong></span> <span class='ocrx_word' id='word_1_199' title='bbox 759 3674 871 3727; x_wconf 88' lang='lat' dir='ltr'><strong>nemo</strong></span> <span class='ocrx_word' id='word_1_200' title='bbox 896 3656 937 3727; x_wconf 91' lang='lat' dir='ltr'><strong>in</strong></span> <span class='ocrx_word' id='word_1_201' title='bbox 968 3665 1158 3753; x_wconf 85' lang='lat' dir='ltr'><strong>posterum</strong></span> <span class='ocrx_word' id='word_1_202' title='bbox 1188 3635 1353 3756; x_wconf 87' lang='lat' dir='ltr'><strong>postula-</strong></span> 
     </span>
     <span class='ocr_line' id='line_1_30' title="bbox 286 3766 1425 3877; baseline 0.003 -31"><span class='ocrx_word' id='word_1_203' title='bbox 286 3770 362 3861; x_wconf 86' lang='lat' dir='ltr'><strong>bit,</strong></span> <span class='ocrx_word' id='word_1_204' title='bbox 387 3781 446 3860; x_wconf 91' lang='lat' dir='ltr'><strong>ut,</strong></span> <span class='ocrx_word' id='word_1_205' title='bbox 473 3791 566 3867; x_wconf 89' lang='lat' dir='ltr'><strong>quae</strong></span> <span class='ocrx_word' id='word_1_206' title='bbox 591 3768 639 3843; x_wconf 90' lang='lat' dir='ltr'><strong>de</strong></span> <span class='ocrx_word' id='word_1_207' title='bbox 665 3766 840 3866; x_wconf 83' lang='lat' dir='ltr'><strong>Cotyttiis</strong></span> <span class='ocrx_word' id='word_1_208' title='bbox 866 3773 962 3848; x_wconf 83' lang='lat' dir='ltr'><strong>dixit</strong></span> <span class='ocrx_word' id='word_1_209' title='bbox 985 3775 1161 3875; x_wconf 73' lang='lat' dir='ltr'><strong>Fuipolis,</strong></span> <span class='ocrx_word' id='word_1_210' title='bbox 1184 3787 1354 3877; x_wconf 87' lang='lat' dir='ltr'><strong>praeter·</strong></span> <span class='ocrx_word' id='word_1_211' title='bbox 1416 3792 1425 3812; x_wconf 80' lang='lat'><strong><em>¹</em></strong></span> 
     </span>
     <span class='ocr_line' id='line_1_31' title="bbox 284 3891 1352 3989; baseline 0.005 -25"><span class='ocrx_word' id='word_1_212' title='bbox 284 3911 416 3966; x_wconf 77' lang='lat' dir='ltr'><strong>samm</strong></span> <span class='ocrx_word' id='word_1_213' title='bbox 441 3901 614 3988; x_wconf 84' lang='lat' dir='ltr'><strong>tanquam</strong></span> <span class='ocrx_word' id='word_1_214' title='bbox 639 3891 780 3967; x_wconf 79' lang='lat' dir='ltr'><strong>indicta</strong></span> <span class='ocrx_word' id='word_1_215' title='bbox 805 3905 843 3967; x_wconf 88' lang='lat' dir='ltr'><strong>et</strong></span> <span class='ocrx_word' id='word_1_216' title='bbox 875 3894 1060 3989; x_wconf 81' lang='lat' dir='ltr'><strong>inaudito3</strong></span> <span class='ocrx_word' id='word_1_217' title='bbox 1096 3897 1164 3973; x_wconf 89' lang='lat' dir='ltr'><strong>sed</strong></span> <span class='ocrx_word' id='word_1_218' title='bbox 1191 3898 1263 3973; x_wconf 86' lang='lat' dir='ltr'><strong>hoo</strong></span> <span class='ocrx_word' id='word_1_219' title='bbox 1287 3893 1352 3971; x_wconf 84' lang='lat' dir='ltr'><strong>ali·</strong></span> 
     </span>
     <span class='ocr_line' id='line_1_32' title="bbox 286 4012 1354 4111; baseline 0.004 -24"><span class='ocrx_word' id='word_1_220' title='bbox 286 4013 371 4111; x_wconf 80' lang='lat' dir='ltr'><strong>quis</strong></span> <span class='ocrx_word' id='word_1_221' title='bbox 402 4012 488 4107; x_wconf 85' lang='lat' dir='ltr'><strong>jure</strong></span> <span class='ocrx_word' id='word_1_222' title='bbox 525 4031 606 4090; x_wconf 59' lang='lat' dir='ltr'><strong>suo„</strong></span> <span class='ocrx_word' id='word_1_223' title='bbox 630 4014 814 4109; x_wconf 85' lang='lat' dir='ltr'><strong>postulet,</strong></span> <span class='ocrx_word' id='word_1_224' title='bbox 850 4026 892 4092; x_wconf 85' lang='lat' dir='ltr'><strong>ut</strong></span> <span class='ocrx_word' id='word_1_225' title='bbox 925 4019 1224 4111; x_wconf 85' lang='lat' dir='ltr'><strong>meminerimus,</strong></span> <span class='ocrx_word' id='word_1_226' title='bbox 1258 4021 1354 4106; x_wconf 85' lang='lat' dir='ltr'><strong>hene</strong></span> 
     </span>
    </p>
   </div>
   <div class='ocr_carea' id='block_1_8' title="bbox 0 0 1481 4684">
    <p class='ocr_par' dir='ltr' id='par_1_8' title="bbox 0 0 1481 4684">
     <span class='ocr_line' id='line_1_33' title="bbox 0 0 1481 4684; baseline 0 0"><span class='ocrx_word' id='word_1_227' title='bbox 0 0 1481 4684; x_wconf 95' lang='lat' dir='ltr'><strong> </strong></span> 
     </span>
    </p>
   </div>
  </div>
 </body>
</html>
