2925 4684
561 194 832 272 onrn'rcu
1152 204 1228 279 789

114 401 116 404 ⁴
161 384 222 443 sut
259 373 301 443 in
341 371 515 461 Stobsai,
562 371 717 444 Eusebii
758 382 796 444 et
828 371 1091 470 olympiodori
1128 378 1226 450 notis

156 490 356 566 lectionum
384 491 600 581 diversitas,
620 491 699 581 nisi
724 490 824 588 qurud
850 514 938 593 pars
964 492 1133 567 cucusum
1158 525 1225 571 κα-

156 611 364 690 τακούσειε
403 611 562 685 exhibet.
622 608 726 684 Unus
766 611 982 686 Plutarchus
1020 608 1227 711 paullulum

157 729 349 829 discrepat¹
365 729 415 804 de
438 740 487 808 m
510 754 572 829 ap.
597 732 747 829 Delph·
760 730 841 806 XV.
865 733 950 806 236.
976 734 1078 808 illam
1105 734 1227 808 Plato

158 854 219 923 nis
262 851 555 951 disputationum
603 851 846 926 adumbrans:
910 859 1080 932 ἐνταῦθα
1128 851 1226 958 λήγει

88 970 93 979 '
155 970 324 1049 [Πλάτων
349 973 393 1049 τὸ
416 972 599 1073 Ὀρφικὸν
623 971 791 1051 ὑπειπών

235 1139 328 1226 Ἕκτῃ
349 1140 382 1204 δ’
406 1141 439 1204 ἐν
459 1147 544 1228 γενεῇ
565 1138 782 1207 succumbente
804 1142 909 1224 θυμὸν
931 1141 1046 1227 ἀοιδῆς.

155 1320 227 1396 pro
261 1264 334 1395 spuo
368 1297 544 1374 besuus
578 1283 694 1396 δὴδής
729 1298 850 1389 dedit,
891 1302 1038 1393 c'ausaru
1067 1300 1226 1396 ,ineptae

155 1418 402 1491 aberrationis
416 1469 419 1474 -
433 1417 483 1491 ad
516 1419 788 1499 κατακούσεται
819 1419 956 1518 κόσμος
981 1418 1114 1517 ἀειδής.
1165 1417 1225 1491 Ad

93 1574 95 1579 ·
156 1539 345 1611 Plutarchi
383 1540 602 1635 scripturam
643 1542 798 1637 propius
837 1537 977 1612 accedit
1008 1539 1153 1633 Sibylla
1183 1539 1224 1611 L.

155 1660 222 1731 111.
248 1683 286 1757 p.
305 1655 398 1775 356.

240 1807 353 1876 Ἦκίκο
373 1805 414 1873 δι’
433 1833 488 1891 μοι
508 1810 613 1891 θυμὸς
635 1774 791 1876 {sabucco
813 1810 921 1890 ἔνδιον
941 1809 1037 1891 ὕμνοι

160 1989 269 2066 quam
313 1967 534 2039 seutentiam
575 1965 649 2038 alio
683 1964 797 2040 modo
830 1969 1037 2042 enuntiavit
1069 1968 1107 2038 in
1141 1964 1227 2038 libri

160 2089 258 2161 tertii
285 2087 476 2193 principio

236 2233 343 2322 Ἦμος
364 2237 594 2335 ribuarinsem
615 2232 692 2312 θοός
712 2206 952 2325 κολοπάισοφοι
973 2235 1066 2329 ᾠδήν.

165 2396 323 2486 Quinam
357 2417 445 2470 vero
471 2395 527 2466 illi
552 2371 646 2482 sint,
682 2415 776 2490 quos
802 2393 971 2490 Orpheus
1003 2414 1145 2467 cessare
1164 2394 1229 2488 ju-

40 2499 45 2509 ’
111 2584 113 2589 .
163 2518 244 2607 het,
280 2538 328 2587 ne
367 2516 578 2608 conjectura
619 2510 769 2609 quidem
809 2512 929 2609 effingi
960 2523 1101 2611 potest3
1140 2534 1228 2585 nam

162 2638 290 2710 Musas
329 2632 378 2709 ad
417 2631 684 2730 auspicandum
718 2631 868 2728 quidem
900 2645 1047 2706 cantum
1077 2634 1230 2705 incitare

165 2756 287 2830 solent
311 2764 456 2851 poetae,
482 2751 532 2826 ad
556 2750 765 2831 finiendum,
786 2774 862 2825 non
885 2755 987 2833 item.
1011 2753 1140 2845 ltaque
1165 2748 1230 2820 ad-

163 2876 250 2948 duci
273 2895 524 2969 nonpossum
550 2875 639 2970 quin
664 2873 873 2945 existimem
893 2870 1095 2955 Socratem,
1119 2887 1232 2964 quum

164 2994 359 3069 Philebum
398 3006 435 3064 et
475 2990 713 3065 Protarchum
746 2991 1010 3084 alloqueretur,
1042 2987 1231 3084 imperati-

164 3137 255 3190 vum
278 3113 385 3187 illum
412 3111 647 3185 substituisse
672 3130 742 3204 pro
766 3107 841 3180 alio
869 3106 974 3183 verbi
998 3106 1134 3197 modu,
1158 3128 1231 3205 quo

165 3234 339 3330 Orpheus
361 3252 468 3309 :risus
509 3241 598 3303 erat.
648 3226 723 3302 Hic
756 3226 914 3309 fortasse
948 3230 1092 3327 scripsit
1126 3231 1233 3307 κοτί-

165 3355 289 3430 παοοέ
308 3332 355 3428 ’τι
387 3349 549 3451 κόσμον,
586 3357 760 3447 sequente
786 3349 902 3422 altero
928 3380 986 3437 τε,
1012 3347 1059 3421 de
1084 3349 1231 3422 Proser-

164 3475 277 3575 pinae
312 3456 409 3545 inter
440 3467 640 3578 texendum
665 3471 847 3542 cantantis
873 3480 938 3540 aut
963 3467 1056 3542 alius
1083 3464 1233 3543 divinae
1301 3499 1309 3514 ·

165 3592 332 3664 textricis
356 3600 423 3662 aut
447 3588 632 3685 Apollinis
657 3590 776 3686 ipsius
802 3588 983 3661 cantilena
1006 3590 1184 3685 loquutus
1210 3610 1233 3658 a

168 3710 299 3785 mundi
330 3706 564 3809 primordiis,
597 3714 640 3778 ut
670 3707 838 3799 videtur,
871 3731 983 3807 usque
1016 3706 1065 3781 ad
1089 3719 1232 3779 sextam
1342 3743 1345 3748 ·

111 3842 115 3848 '
166 3830 228 3905 vel
256 3830 409 3902 deorum
436 3829 497 3903 vel
522 3828 713 3901 hominum
739 3839 899 3901 aetatem
925 3827 1113 3925 producta.
1166 3826 1232 3899 Sin

167 3947 337 4027 lectionis
369 3973 392 4024 a
418 3947 610 4049 Plutarcho
638 3958 808 4025 servatae
833 3949 963 4048 θυμὸν
989 3949 1116 4044 ἀοιδῆς
1135 3945 1231 4020 ratio
