2925 4684
484 238 804 320 santonensem.
912 329 913 333 Ν
1079 257 1177 337 1327

113 434 187 513 ret,
212 420 311 520 quod
336 422 459 492 firmat
481 403 664 494 Herodoti
689 369 814 494 verbis
844 420 906 495 111.
932 423 992 497 37.
1020 423 1178 525 Camby-

52 593 55 613 .
114 566 192 617 sem
226 539 444 615 cabirorum
485 533 680 612 simulacra
721 539 895 614 cubitalia
936 545 1178 622 combussisse
1213 597 1215 602 -

112 663 229 742 πολλὰ
259 652 570 761 κατασκώψαντα.
630 658 704 731 Sed
738 682 784 732 ox
815 660 886 734 hoo
915 664 996 737 loco
1023 670 1178 743 minime

113 792 268 881 apparet
304 792 427 854 unum
468 778 580 850 homo
620 778 749 866 Persa,
790 782 851 875 qui
884 783 1065 861 humanas
1098 811 1179 862 esse

113 904 251 976 formas
278 899 431 972 deorum
458 909 627 993 negaret,
652 900 788 992 figurae
814 901 1035 978 brevitatem
1050 914 1100 980 'et
1119 933 1178 983 ru·
1228 909 1231 914 ’
1261 980 1263 984 ,

115 1022 162 1095 de
194 1022 388 1094 artificium
422 1042 470 1092 an
503 1019 704 1126 deformem
737 1024 900 1117 corporis
933 1028 1093 1122 speciem
1120 1052 1178 1101 oa-

10 1162 13 1170 ·
113 1141 265 1218 villatas
294 1141 354 1214 sit
415 1140 465 1212 Et
495 1149 538 1211 ut
568 1138 639 1211 hoc
669 1160 813 1235 quoque
839 1142 873 1212 ei
900 1141 1050 1234 demus,
1075 1170 1177 1240 num,

9 1273 10 1348 l
116 1255 219 1357 cujus
251 1260 487 1334 simulacrum
520 1257 655 1332 alicubi
690 1270 791 1332 extat
816 1260 969 1335 ridicule
995 1264 1178 1343 deforma-

46 1411 49 1412 *
115 1393 212 1472 tum,
249 1384 372 1481 ipsum
396 1377 595 1454 iidiculum
620 1390 658 1452 et
681 1380 899 1484 yslotoomio
923 1405 1002 1457 esse
1032 1409 1178 1463 necesse
1249 1433 1251 1439 ι

114 1503 195 1578 estl
220 1502 302 1577 Hae
324 1502 468 1574 ratione
492 1497 665 1572 Indorum
692 1511 729 1572 et
746 1500 1105 1582 Mexicanorum-dii
1130 1511 1177 1583 ad
1278 1587 1280 1592 ,

113 1646 229 1697 unum
260 1643 388 1696 onmes
418 1622 503 1720 puri
534 1622 617 1717 poti
643 1617 773 1694 Gabali
799 1636 915 1696 erunt.
949 1626 1043 1700 'Sed
1067 1623 1199 1708 infert,

116 1744 228 1817 aliam
260 1744 417 1840 plagam.
472 1735 781 1833 *Chrysostomum
820 1746 955 1842 inquit,
981 1721 1032 1824 ln
1065 1748 1177 1824 Hom.

108 1864 231 1937 xvu.
263 1865 302 1936 in
335 1863 454 1958 Epist
487 1859 536 1933 ad
568 1860 704 1958 Ephes.
739 1885 900 1955 scurras,
934 1866 1177 1945 Samardacos
1253 1878 1257 1884 '

17 2068 36 2076 ff
116 1994 243 2059 vocat:
269 1985 337 2082 οὐχ
362 1983 453 2082 ὁρᾷς
471 1981 559 2067 τοὺς
579 1984 798 2085 λεγομένους
812 1989 1079 2088 γελωτοποιοὺς
1094 2001 1187 2068 Eoo-¹

114 2102 351 2208 μαρδάκουςς
382 2096 485 2179 οὗτοι
507 2101 602 2208 aloia
627 2105 663 2179 oi
686 2101 900 2205 εὐτράπελοι
912 2106 967 2203 [²]
1004 2108 1179 2205 Augusti-

114 2246 184 2299 nus
210 2223 256 2296 de
282 2219 363 2299 civ.
388 2220 463 2294 Dei
488 2222 579 2314 (imo
604 2223 644 2293 in
665 2220 707 2294 L.
733 2234 861 2296 uonna
879 2222 1011 2323 Acad.)
1036 2230 1179 2302 11115.

116 2345 279 2441 planus
312 2353 413 2414 erat
445 2339 501 2411 de
532 2341 593 2411 iis
619 2359 732 2436 quos
758 2336 1063 2416 Sarmadocos
1082 2348 1179 2440 jam

115 2464 286 2556 vulgus
318 2453 595 2558 appellatffl
655 2456 776 2529 Schol.
810 2455 918 2556 Cruq.
951 2460 1002 2534 ad
1034 2461 1125 2537 Hor.
1151 2468 1179 2539 Ι.

116 2582 193 2657 Sat.
219 2581 254 2653 6.
272 2579 365 2653 115.
390 2578 606 2652 fallacem
632 2575 963 2653 dixit.Circum
989 2597 1180 2683 propter

9 2735 10 2740 Ν
117 2698 416 2776 samardacos
449 2710 493 2771 et
526 2699 784 2793 sortilegos
818 2711 863 2772 et
887 2702 1180 2778 mathemati-

9 2815 10 2904 l
118 2844 213 2912 cos3
245 2819 378 2918 quibus
409 2818 473 2893 Du
506 2816 665 2914 (langius
695 2820 737 2891 in
769 2817 890 2892 Gloss.
922 2818 1003 2892 Lat.
1029 2845 1067 2917 p.
1093 2823 1180 2896 692.

118 2940 224 3015 addit
258 2964 304 3012 ex
328 2939 430 3014 Actis
457 2936 601 3027 Quirini
627 2962 656 3009 c.
682 2936 732 3009 5.·
750 2934 891 3014 video
915 2947 960 3009 te
986 2943 1181 3014 rustica.
1272 2935 1274 2940 ’

36 3079 40 3084 ·
117 3084 221 3134 num
255 3061 388 3157 quasi
421 3080 445 3131 a
476 3054 747 3130 samardaco
773 3054 1010 3130 inductum
1035 3064 1112 3156 qui
1138 3074 1182 3133 et

119 3194 164 3255 te
197 3193 242 3252 et
274 3201 321 3252 se
354 3164 540 3273 decipit
590 3174 672 3248 Hos
696 3176 809 3269 igitur
833 3176 913 3249 sive
939 3176 1180 3260 Samardacos

119 3302 199 3374 sive
219 3294 462 3372 Sarmadocos
480 3294 741 3369 Gutberlethus
760 3316 952 3389 germanos
970 3296 1181 3373 Samothra-

9 3397 10 3458 }
122 3441 180 3491 ces
206 3442 285 3493 esse
309 3420 457 3508 statuit,
505 3418 642 3513 etjam
666 3417 770 3513 prius
794 3415 985 3490 Reinesius
1010 3420 1050 3491 in
1077 3418 1181 3513 Synt.

9 3607 10 3640 ᾖ
121 3539 230 3612 haser.
263 3564 299 3636 p.
326 3525 411 3613 360.
442 3536 543 3610 idem
577 3535 796 3612 deeneverat.
820 3558 864 3608 ac
896 3559 1022 3611 cursous
1047 3540 1087 3611 in
1111 3539 1181 3635 Ep.

193 3713 249 3827 [ὃ]θ
274 3757 319 3809 Sic
333 3758 429 3826 legitur
443 3759 471 3811 in
487 3758 539 3810 Ed.
556 3755 738 3809 Veronensis.
757 3754 841 3808 XVII.
858 3771 884 3825 p.
905 3755 963 3810 179.
989 3774 1014 3810 a.
1038 3756 1180 3810 Montefal·

125 3828 214 3883 conius
232 3828 266 3879 T.
284 3827 331 3879 XI.
348 3844 373 3895 p.
392 3828 450 3880 125.
466 3830 547 3881 tacite
568 3826 650 3879 edidit
672 3822 735 3886 τοὺς
751 3821 894 3897 adadenus.

193 3897 240 3968 [b]
271 3915 294 3950 c.
312 3897 432 3957 mlv,
449 3897 509 3949 217.
532 3898 568 3951 Τ.
585 3896 607 3950 Ι.
631 3895 763 3949 Benedict
785 3895 831 3947 ubi
855 3893 930 3949 codd.
953 3894 1022 3946 inter
1044 3891 1183 3949 samarda-

18 3987 22 3995 ·
125 3987 182 4035 cos,
207 3967 377 4022 Samardoeos
393 3969 422 4019 et
437 3966 607 4021 Sarmodacos
629 3966 762 4021 fluctuant.
798 3965 856 4018 Hos
878 3963 993 4064 nonnulli
1016 3963 1183 4019 Sarmatoda·

124 4057 169 4093 cos
184 4041 392 4111 interpretantur.

884 4118 970 4195 35*
