2925 4684
242 165 320 246 m
559 171 704 230 11111
728 167 987 226 succursus.

241 340 287 416 T.
309 337 377 414 IX.
406 359 445 434 p.
476 331 543 416 27„
569 341 608 403 et
637 327 786 438 siquis
816 347 939 402 novas
968 323 1115 400 fabulas
1148 324 1313 424 scripsit,

243 462 422 538 recitatae
445 452 564 545 magis
587 458 678 522 sunt
700 467 812 543 quam
837 456 953 522 actae
985 444 1127 519 Plinius
1151 443 1215 518 VI.
1240 446 1312 544 Ep.
1444 466 1447 471 ·

246 555 318 656 19(
342 572 593 668 Virginius
624 566 860 641 Romanus
895 587 1046 665 nuper
1083 564 1200 659 legit
1233 587 1311 639 co·

243 681 471 776 moediam
496 688 554 764 ad
578 686 816 785 exemplar
840 686 1018 762 veteris
1044 683 1311 760 comoediae

244 818 479 914 scriptam.
540 811 578 883 Is
620 805 774 904 ποιητὴς
812 803 970 907 ἀρχαίας
1003 804 1205 906 κωμῳδίας
1236 802 1313 878 dici

241 938 382 1041 poterit
404 936 501 1010 sicut
533 928 577 1003 L.
603 926 779 1002 Annaem
811 922 954 999 Seneca
986 924 1136 1022 ποιητὴς
1163 939 1322 1027 τραγῳ-’
1406 925 1421 960 ”·

243 1185 286 1257 in
309 1197 419 1254 wella
442 1183 548 1246 actae
571 1167 706 1242 allatu!
730 1165 861 1257 fuerit,
893 1174 938 1237 ut
962 1175 1019 1240 est
1047 1163 1198 1261 ποιητὴς
1228 1194 1313 1241 χαι..

244 1313 311 1402 γῆς
342 1301 435 1399 (nou
457 1287 559 1385 νέας)
583 1286 797 1390 τραγῳδίας
827 1284 1013 1381 simulque
1044 1285 1209 1381 patuerit
1241 1284 1314 1357 boc

161 1406 163 1410 ’
245 1422 486 1515 antiquum
509 1430 625 1505 genus
649 1403 862 1499 tragoediae
886 1421 964 1477 non
988 1404 1132 1490 nocido
1154 1401 1313 1494 cuidam,

168 1599 171 1606 «
245 1541 346 1643 quali
370 1535 570 1611 Tarsenses
594 1536 634 1600 et
657 1522 900 1598 Alexandrini
930 1523 1091 1596 fortasse
1122 1525 1181 1598 usi
1213 1535 1312 1615 sunt,

246 1660 313 1739 ced
342 1657 400 1733 illi
425 1651 589 1751 opponi,
620 1648 661 1720 in
694 1664 770 1743 quo
800 1642 1006 1737 Aeschylus
1038 1654 1077 1715 et
1109 1642 1312 1743 sophocles
1453 1719 1458 1723 ,

246 1776 515 1861 excelluerunt,
547 1787 690 1842 errasse
713 1786 776 1838 me
801 1762 1012 1837 confitebor.

348 1894 453 1970 Haec
485 1891 564 1962 iere
602 1886 693 1972 olim
725 1868 858 1980 scripsi
888 1885 930 1956 in
960 1880 1062 1955 Diss
1101 1880 1149 1955 dc
1180 1881 1314 1956 Aetate
1442 1975 1445 1980 ⁵

248 2015 410 2114 Orphei,
442 2031 562 2106 neque
593 2005 640 2079 ab
674 2027 720 2077 ea
749 2005 933 2092 sententia
961 2026 1022 2076 me
1055 2001 1210 2076 deduxit
1240 2004 1315 2079 viri

248 2136 349 2212 docti
374 2129 593 2227 disputatio,
618 2126 683 2222 qui
707 2123 894 2196 Boeckbio
920 2144 1091 2204 assensus
1116 2134 1183 2199 est
1213 2122 1313 2197 Ante

250 2250 449 2353 Thespidis
489 2239 656 2321 aetatem
686 2246 811 2343 prima
843 2243 1089 2319 fundamenta
1127 2252 1165 2315 et
1211 2245 1315 2340 quasi

249 2378 394 2454 semina
417 2367 627 2465 tragoediae
647 2367 750 2462 jacta
775 2386 876 2453 esse,
900 2362 1089 2458 bentlejus
1112 2363 1195 2462 ipse
1220 2360 1315 2434 affir-

249 2509 329 2576 mat
353 2519 390 2594 p.
413 2490 500 2567 311.
524 2511 642 2585 neque
666 2506 828 2582 unquam
853 2482 1111 2558 addubitatum
1137 2492 1202 2555 est
1238 2480 1315 2554 Sed

250 2601 459 2713 traigoedias
485 2631 548 2682 eas
573 2630 654 2681 esse
678 2614 832 2681 vocatas
845 2604 947 2677 nullo
965 2601 1168 2700 probabilis
1189 2611 1315 2699 aucto-

250 2742 303 2814 ris
328 2726 559 2812 testimonio„
575 2737 728 2800 constat
787 2722 916 2820 Neque
946 2722 1128 2815 Horatio,
1159 2723 1315 2796 Diosco-¹

235 2845 356 2934 ‘ridae
395 2853 551 2946 aliisque
590 2848 657 2922 vix
694 2842 1005 2933 numerabilibus,
1050 2845 1114 2940 qui
1152 2843 1315 2941 Thespio

252 2972 462 3073 tragoediae
486 2969 719 3052 inventorem
744 2961 949 3062 perbibent
975 2965 1116 3060 opponi
1142 2961 1252 3037 debet
1268 2964 1316 3036 il.

254 3097 320 3172 lud
344 3092 451 3174 futile
476 3085 614 3162 Suidae
639 3096 888 3158 commentum
912 3082 959 3157 de
992 3080 1200 3179 quindecim
1225 3083 1317 3156 Ται-Ι

253 3220 362 3316 gicis,
394 3212 532 3310 quippe
563 3205 796 3279 simillimum
820 3205 888 3294 iis,
921 3225 1017 3300 quae
1043 3200 1090 3275 de
1115 3204 1314 3303 Epicurum

254 3339 360 3413 affert
390 3325 679 3405 successionibus
712 3325 990 3398 commenticiis.
1051 3323 1199 3422 Siquis
1224 3345 1337 3403 vero,

254 3465 363 3558 putet
386 3451 480 3525 banc
511 3466 660 3520 causam
676 3438 839 3516 'Eusebii
871 3445 1089 3535 auctoritate
1121 3444 1319 3520 sustentari

254 3596 384 3678 P⁰⁸⁸⁰⁹
423 3567 691 3665 Xenophanem
724 3561 1008 3666 τραγῳδοποιόν
1040 3565 1226 3652 vocantis,
1260 3565 1317 3638 rei

256 3703 514 3770 controversae
540 3682 753 3785 probandae
785 3707 864 3757 rem
896 3707 1011 3781 aeque
1044 3695 1319 3758 controversam

256 3812 422 3902 adhibet3
452 3829 541 3882 nam
564 3807 672 3882 illum
700 3804 851 3878 Eusebii
876 3805 999 3877 locum
1025 3807 1229 3902 quicunque
1253 3801 1319 3876 ad-

256 3935 328 4008 buc
358 3929 574 4026 attigerunt,
615 3927 749 4003 vidose
786 3925 965 4021 scriptum
1003 3946 1084 3998 csse
1117 3923 1320 4000 conclama.
