2925 4684
1098 23 1131 80 Ἰ
1156 30 1159 39 .

274 195 373 273 1218
460 282 464 291 ¹
599 206 742 262 urrann
772 204 993 262 onorius.

274 390 346 470 pre
376 370 417 441 in
448 376 594 440 coetum
627 361 786 439 relatur
819 382 909 437 uss.
968 317 1074 435 llaec
1106 370 1233 435 utrum
1267 359 1358 434 Da·

274 488 433 566 marcius
465 508 490 560 s
522 482 845 558 Sanclruniatlrone
879 503 931 554 aa
960 479 1009 554 ab
1041 481 1125 553 aliis
1151 481 1357 577 murita-

154 658 157 669 ι
276 624 356 685 tum
394 606 614 681 Punicarum
654 602 897 703 scriptoribus
944 603 1145 700 acceperit,
1192 601 1357 675 discerni

243 799 252 816 ,
277 728 424 826 nequit,
450 727 626 827 qusniam
650 747 719 799 nar
743 726 814 801 boc
838 723 941 813 lsos,
973 717 1092 820 usupra
1116 723 1157 795 in
1180 722 1277 795 libro
1304 721 1356 803 dc

278 849 493 946 Principiis,
518 846 584 923 ubi
608 847 817 920 Poscor-orm
843 844 1100 938 theologorum
1132 843 1271 940 placita
1293 866 1355 915 re·

279 970 370 1058 lert,
408 968 508 1041 illius
530 988 666 1043 nomen
691 974 865 1064 usurpat3
902 963 973 1038 sed
995 965 1071 1038 ists
1093 962 1249 1038 morum
1275 986 1355 1037 ma-

281 1102 350 1180 ter,
374 1110 469 1186 quoe
495 1090 676 1163 amasium
700 1106 813 1160 suum
838 1084 1117 1158 inmortalum
1136 1083 1263 1174 donst,
1287 1107 1356 1156 ve-

280 1212 470 1284 hementer
489 1207 675 1306 discrepat
699 1206 747 1281 ab
773 1206 1005 1281 homunculis
1029 1205 1261 1295 Eusebifflis,
1287 1206 1354 1301 qui

282 1340 453 1429 parentes
484 1350 573 1405 suus
607 1328 745 1402 divinis
777 1324 928 1424 quidem
966 1323 1110 1399 allicere
1150 1324 1355 1398 honoribus

283 1448 351 1523 scd
382 1449 553 1529 vsuluiurc
598 1447 835 1523 mortalitatis
874 1446 955 1542 lege
995 1446 1142 1518 solvero
1179 1454 1355 1542 possuut3

283 1568 384 1644 unde
421 1569 587 1666 coquitur
626 1567 888 1657 Danastium,
926 1567 961 1639 si
993 1564 1355 1639 Sauchuniatboncm

283 1688 392 1785 legit,
425 1711 511 1763 eum
542 1689 693 1783 legisse,
725 1708 838 1785 quem
870 1686 1119 1784 Porphyrius,
1150 1706 1229 1756 non
1258 1684 1355 1755 hunc

283 1806 579 1893 Cbmdanorum
604 1807 838 1900 armigerum.
878 1804 1008 1901 ltaque
1031 1824 1231 1893 summum,
1257 1798 1355 1899 quod

286 1923 504 1999 cabirorum
535 1925 693 1997 istorum
728 1924 896 2020 patronis
928 1922 1081 1997 concedi
1115 1933 1246 2020 queat,
1284 1921 1353 1992 boc

75 2040 77 2045 ’
190 2065 193 2071 ·
286 2057 353 2133 ut
377 2045 594 2140 emptorem
608 2043 786 2116 rumam
800 2053 841 2116 et
860 2065 947 2116 cum
966 2042 1128 2141 quaem,
1154 2038 1353 2116 neruum
1442 2094 1443 2099 r

282 2160 443 2253 videtm,
467 2171 711 2258 perveterum,
738 2160 876 2256 Sadyci
900 2162 1081 2261 merdam
1098 2163 1200 2264 slim
1220 2158 1347 2250 Beryti
1442 2154 1443 2167 ’

285 2283 405 2357 cultos
438 2304 764 2373 commemorasse3
800 2305 893 2381 quos
926 2285 961 2355 si
991 2285 1075 2381 ipse
1109 2279 1262 2356 Cabirus
1284 2287 1352 2350 aut

187 2502 190 2511 Ι
284 2402 488 2479 Dioscorus
513 2413 578 2475 aut
603 2397 834 2495 Corybantes
861 2408 942 2477 esse
967 2402 1073 2493 dixit,
1099 2385 1157 2475 de=
1173 2409 1357 2477 vetustate

285 2523 365 2617 ejus
398 2531 522 2596 acuum
555 2532 628 2614 est3
661 2544 750 2596 nam
782 2523 873 2596 baec
904 2521 1353 2619 nomina-antiquissimis

286 2640 437 2715 Graecis
461 2640 587 2736 ignota
612 2654 717 2731 sunt,
749 2642 852 2740 apud
876 2646 1068 2741 proximos
1093 2660 1224 2717 eurum
1247 2641 1352 2735 longe

284 2759 474 2837 diversum
498 2761 627 2837 valam
651 2774 689 2836 et
712 2763 975 2837 recentissimis
1001 2762 1150 2837 demum
1179 2760 1352 2859 tempori·

289 2881 359 2955 bus
384 2883 596 2981 promiscue
621 2895 856 2981 rumpantur.
898 2883 940 2957 si
967 2907 1069 2973 vero,
1094 2881 1194 2981 quod
1218 2880 1352 2980 proba-

286 3001 396 3077 bilius
421 3001 589 3092 videtur,
620 3002 787 3078 Philonis
812 3003 903 3077 haec
928 3012 984 3076 est
1006 3004 1265 3102 interpretatio
1290 3000 1373 3073 aut'

286 3121 495 3211 Damascii,
537 3121 630 3195 nibil
671 3125 844 3197 utilitatis
878 3124 985 3197 affert
1015 3125 1090 3197 nisi
1121 3133 1164 3196 ut
1195 3123 1353 3196 adamus

287 3237 377 3312 deos
409 3241 670 3337 Berytensium
704 3242 845 3317 similes
870 3242 986 3329 fuisse
1012 3240 1155 3319 cuius
1182 3254 1220 3317 et
1242 3240 1354 3314 Dios

285 3360 399 3447 curis3
425 3358 513 3457 quid
534 3360 685 3452 fuerint,
709 3383 784 3436 non
804 3366 922 3460 magis
942 3365 1028 3438 lu‘nc
1046 3363 1223 3436 discimus
1243 3381 1355 3459 quam

283 3477 626 3576 Memphiticorum,
661 3476 885 3556 celticorum
903 3485 944 3578 [⁸]
975 3493 1019 3555 st
1051 3482 1354 3556 Germanicorum

284 3597 439 3672 deorum
464 3609 636 3673 naturam
663 3622 684 3672 e
709 3601 970 3692 similitudine,
997 3592 1217 3708 quamtum
1242 3600 1353 3673 alter-

283 3721 376 3797 utris
407 3720 559 3795 illorum
592 3720 729 3796 habore
761 3724 964 3814 visisunt,
992 3725 1352 3820 coniectarepossu-

354 3992 395 4059 [¹]
425 3993 502 4048 Diod.
520 3994 567 4049 IV.
584 3993 627 4048 56.
653 3990 743 4049 Tacit.
762 3997 851 4049 Germ.
870 4013 893 4048 c.
910 3992 954 4050 43.
