2925 4684
545 193 818 304 orrares.
1144 208 1220 282 873

153 380 358 478 rhephorae
395 379 465 452 sub
492 380 628 452 exitum
655 382 819 452 muneris
844 402 891 452 ex
915 376 1008 452 aede
1032 378 1223 455 Minervae

141 497 196 578 ‘ir
224 523 381 597 specum
416 517 553 572 sacram
587 500 759 574 iruulisse
791 499 979 588 dicuntur,
1005 501 1223 574 successuris

150 618 421 719 reportandum
437 617 491 716 [Ἴ.
549 618 626 692 Sed
656 620 879 707 Pausanias,
911 620 975 716 qui
1006 621 1108 693 solus
1134 620 1224 694 baec

150 739 312 812 tradidit
345 742 371 811 Ι.
403 740 459 811 27.
491 738 721 813 sacerdotem
747 742 889 838 ipsam,
914 760 1008 836 quae
1032 739 1223 816 vasculum

151 858 250 931 illud
285 858 574 932 transferendum
609 872 729 948 curet,
765 862 905 934 nescire
939 858 1029 932 dicit
1053 858 1143 958 quid
1167 862 1224 933 in-

61 1036 62 1039 .
151 981 223 1069 sit,
247 982 379 1077 quippe
405 992 630 1070 contectum3
663 980 763 1077 quod
795 983 964 1076 ignorare
988 1001 1064 1054 non
1088 983 1224 1079 potuit,

154 1100 188 1171 si
211 1109 373 1172 recentes
399 1121 526 1172 ramos
551 1101 722 1190 inseruit3
749 1100 795 1174 ab
822 1101 897 1173 alio
923 1111 1048 1174 autem
1065 1102 1224 1174 insertos

153 1241 244 1308 esse,
270 1221 373 1292 nullo
400 1218 516 1294 verbo
544 1222 723 1315 significat
739 1221 959 1310 Pausaniam
986 1242 1099 1318 quare
1124 1219 1225 1295 haud

151 1338 247 1411 ultra
288 1338 531 1434 conjectando
572 1339 746 1436 progredi
780 1341 883 1428 licet,
918 1359 1027 1437 quem
1061 1350 1104 1415 ut
1136 1341 1224 1416 bina

149 1470 215 1532 aut
243 1461 365 1558 etiam
399 1460 509 1556 plura
541 1481 632 1534 vasa
656 1443 771 1533 inisse
797 1463 1027 1558 suspicemur
1053 1461 1225 1560 ἅῤῥίχους

149 1578 307 1654 fortasse
333 1579 513 1677 dicta[],
554 1602 649 1676 quae
674 1580 935 1678 Arrhephorae
959 1582 1109 1685 alternis
1134 1581 1226 1654 vici·

149 1696 221 1771 bus
245 1709 557 1795 transportarent,
583 1700 816 1773 manentibus
841 1722 990 1798 semper
1014 1699 1225 1795 involucris

253 1819 313 1890 De
345 1820 462 1892 altero
497 1819 679 1894 vocabulo
712 1821 857 1916 longior
892 1818 1057 1901 ordietur
1092 1839 1225 1892 sermo.

155 1936 287 2010 Pollux
312 1937 356 2012 X.
387 1939 471 2013 162.
506 1940 636 2041 σι’φνιν
654 1947 713 2019 ,ἐν
744 1949 822 2028 τοῖς
848 1943 1009 2026 ἅττικοῒς
1034 1940 1166 2039 ὕμνοις
1177 1935 1223 2038 [l]

156 2059 204 2134 οὐ
241 2060 309 2156 τὴν
346 2068 419 2162 γῆν
462 2063 553 2137 ἔνιοι
586 2060 789 2141 duodecem
796 2120 809 2153 ,
845 2062 938 2139 ἀλλὰ
970 2061 1039 2158 τὴν
1072 2057 1224 2156 canelus,

75 2181 77 2184 ’
152 2181 191 2264 ἐξ
222 2173 266 2275 ἧς
296 2179 319 2275 ἡ
346 2178 523 2280 Δημήτηρ
556 2180 780 2282 προυνόμιζε
804 2180 872 2268 τὰς
896 2178 1049 2282 τροφός.
1074 2191 1078 2196 Χ
1101 2178 1224 2273 ΗθθΥ·
1313 2287 1327 2292 ᾖ

92 2335 96 2339 <
152 2298 256 2371 chius
290 2300 417 2396 paullo
452 2300 560 2373 aliter
586 2301 730 2402 Σίφνιν
752 2303 821 2399 τὴν
840 2312 913 2406 γῆν
934 2304 1139 2397 Ἀθηναῖοι,
1165 2300 1226 2376 καὶ
1241 2313 1264 2361 1⁴

150 2418 175 2515 ἡ
210 2416 402 2519 Δημήτηρ,
421 2422 485 2497 καὶ
519 2422 541 2517 ἦ
578 2419 712 2512 orado,
748 2422 814 2495 ubi
840 2420 932 2495 ordo
958 2422 1149 2496 literarum
1175 2417 1225 2493 ad

152 2535 284 2638 σι’φνιν
317 2536 484 2629 deducit,
518 2539 616 2638 quod
652 2550 694 2614 ut
726 2540 840 2621 σῖπύα
866 2564 932 2616 seu
958 2539 1068 2638 σιπύη
1094 2541 1224 2644 (ἄρτο-

226 2738 270 2809 [l]
294 2741 336 2794 De
349 2736 481 2798 'Minerva
503 2744 559 2797 Pol.
582 2763 609 2814 p.
628 2745 669 2798 15.
693 2747 792 2799 Versus
815 2747 849 2800 ab
874 2745 990 2799 Aristide
1013 2745 1125 2806 allatus,
1149 2758 1224 2810 quem

155 2808 253 2863 ibidem
267 2817 365 2866 mactet
380 2831 408 2883 p.
419 2811 445 2865 4.
464 2816 499 2868 El
515 2813 554 2886 μὴ
571 2812 761 2887 ἐπιφροσύνην
779 2817 851 2871 δῶκε
867 2821 921 2869 dec
957 2807 1224 2879 λαυκῶπιςἈθήνη,

122 2956 128 2960 q
154 2898 208 2934 non
224 2886 265 2934 est
279 2882 364 2951 ignoti
379 2888 474 2952 poetae
491 2885 537 2937 sed
554 2885 759 2955 Homeriipsius
778 2886 829 2939 Od.
848 2887 878 2937 V.
896 2835 958 2937 427γ
977 2887 1002 2937 εἰ
1018 2881 1058 2955 μὴ
1075 2882 1123 2935 ἐπὶ
1139 2882 1224 2969 φηεσὶ

152 2954 223 3016 θῆκε
251 2951 304 3006 θεὰ
328 2953 485 3023 γλαυκῶπις
509 2952 625 3023 Ἀθήνη,
650 2971 697 3023 pro
721 2973 773 3024 quo
795 2975 821 3009 v.
845 2952 905 3007 487.
930 2957 955 3007 si
979 2951 1019 3024 μὴ
1037 2953 1226 3034 ἔπιηροσυνην

152 3020 226 3075 δῶκε
248 3024 407 3092 γλαυκῶπὶς
426 3022 538 3091 Ἀθήνη.
574 3026 667 3093 Neque
691 3024 719 3077 id
736 3024 941 3093 reprehendendi
964 3039 1045 3076 causa
1069 3021 1136 3074 dico
1152 3021 1226 3090 (narn

152 3092 218 3143 nulli
234 3099 350 3144 nostrum
372 3098 414 3145 sat
437 3094 491 3150 fide
513 3095 649 3161 memoria)
672 3094 718 3147 sed
742 3112 775 3146 ne
798 3112 845 3164 pro
870 3100 1021 3163 argomento
1038 3092 1143 3162 lveleat.
1161 3092 1226 3145 Cum

152 3161 269 3215 Aristide
286 3159 450 3222 censendum
466 3165 593 3220 Liberius
612 3165 646 3217 Τ.
663 3165 710 3218 IV.
728 3165 870 3233 Progynn.
895 3182 921 3233 p.
939 3164 1009 3226 962.
1020 3170 1048 3216 et
1064 3162 1173 3218 Sensim
1191 3162 1226 3216 sd

151 3233 218 3286 Aen.
236 3230 431 3287 suessanum
449 3252 466 3287 s
483 3235 602 3289 Minerva
619 3236 750 3290 inventum
767 3253 842 3299 esse,
865 3234 911 3287 sed
933 3252 967 3288 ex
990 3235 1041 3287 hec
1063 3251 1115 3287 uon
1127 3234 1227 3303 sequi-

145 3307 197 3355 cnr
217 3302 354 3355 Minervae
371 3321 463 3356 numen
480 3306 638 3375 potissimum
663 3307 697 3360 ad
719 3323 774 3359 rem
798 3306 928 3374 agrariam
952 3303 1122 3375 pertinuisse,
1147 3320 1225 3375 quum

151 3376 245 3441 petest
267 3377 370 3425 veteres
393 3375 543 3430 utilissimae
569 3377 693 3447 cujusque
722 3378 787 3431 estis
817 3378 988 3437 instrumenta
1010 3375 1146 3430 Mmervee
1164 3391 1226 3444 ‚sua-

51 3459 57 3465 ·
154 3442 292 3494 chinatrici
309 3449 418 3513 accepts
435 3445 533 3498 tulisse.

224 3545 270 3615 [ο]
296 3546 456 3602 Terminalis
475 3549 575 3617 quidem
592 3552 668 3638 hujus
685 3554 807 3607 vocabuli
823 3553 987 3640 parsgogica
1006 3559 1062 3620 est,
1087 3550 1174 3620 qualis
1198 3549 1226 3600 in
1326 3551 1329 3559 “

155 3611 300 3690 “illimis
321 3612 446 3688 ὅσωκθς,
466 3617 603 3691 miliique,
622 3638 757 3697 αστριχος,
775 3642 926 3697 κοναριχος,
945 3617 1095 3698 ἆρύστιχος,
1111 3614 1225 3690 Στρόμ-

155 3689 244 3754 βιχος,
267 3690 398 3759 Σίμιχος,
426 3686 571 3760 Τύννιχος,
605 3690 714 3761 aliisque
739 3694 840 3759 multis,
871 3695 916 3746 vix
939 3699 970 3746 ut
992 3691 1108 3745 dubitari
1130 3688 1226 3759 possit,

155 3755 261 3824 stirpem
277 3759 398 3824 vocabuli
416 3776 473 3813 esse
490 3777 561 3825 eeru,
587 3760 656 3814 unde
673 3764 881 3834 Arrepbororuru
899 3781 990 3817 nomen
1008 3758 1148 3814 concrevit.
1235 3783 1237 3788 ·

227 3858 270 3930 [ὖ]
295 3862 531 3920 Atheuaem.XlV.
550 3864 609 3920 652.
628 3867 659 3920 C.
678 3869 706 3921 iu
724 3869 873 3937 qusestione
890 3861 1109 3937 grammaticam
1127 3859 1227 3915 anti-

153 3945 240 3998 quos
264 3933 403 4002 hymnos
428 3943 567 4005 provocat,
593 3954 700 4007 quorum
718 3944 826 4005 auctor,
849 3945 928 4009 puto,
945 3938 1050 4006 ignotus
1068 3938 1141 3998 emt,
1159 3931 1227 3985 sicut

151 4000 243 4068 hymni
261 4003 295 4055 sb
313 4003 380 4058 liliis
398 4005 530 4060 decantati
547 4007 625 4061 Paus.
643 4008 735 4063 v.'15.
1009 4008 1012 4017 '
