2925 4684
18 3586 19 3601 χ
129 3542 198 3579 mum
215 3525 336 3578 occurrit.
369 3525 511 3595 Dionysius
528 3526 632 3594 Perieg.
648 3543 673 3576 v.
689 3514 748 3576 148.
766 3526 882 3582 κυανέας
934 3523 1051 3591 ipsave
1067 3519 1130 3572 ἀναι

521 244 793 299 oeeurcs.
963 234 1012 256 ‘⁴
1115 234 1189 307 865

119 401 188 472 boc
221 421 370 496 quoque
397 400 439 469 in
464 398 543 469 loco
569 397 660 470 nibil
686 398 813 473 obstat
838 405 1033 498 quominus
1060 405 1190 479 Phorci

81 512 88 517 ’
118 542 256 592 nomen
288 517 523 612 generaliter,
555 529 597 588 nt
630 517 745 590 modo
773 519 951 609 diximus,
978 529 1190 624 accipiatur,

118 641 172 712 sic
203 651 249 711 ut
283 638 441 710 Senem
473 636 571 709 Med.
599 637 685 713 341.
739 635 957 734 Cyaneae
983 645 1191 723 ciaustra

117 756 437 857 promndisup
475 756 630 830 Aristiti
671 759 799 864 Istbm.
838 763 877 832 in
910 760 1017 860 Nept.
1058 790 1095 864 p.
1129 769 1189 842 21.

121 880 185 955 ἐπὶ
217 886 298 962 ταῖς
328 880 504 976 εῑςβολαῖς
537 886 605 954 τοῦ
639 878 817 983 Εὐξείνου
844 880 984 960 πόντου
1010 888 1124 985 πέτρα
1150 919 1190 965 τε

119 1001 261 1076 abacta
291 999 352 1073 καὶ
375 994 489 1073 πύλαι
522 998 723 1096 θαλάττης.
776 999 912 1074 Verum
939 1004 1051 1077 etiam
1077 1006 1218 1080 aliam·
1251 1088 1253 1093 ,

121 1120 224 1194 siam
245 1116 465 1191 emendandi
484 1117 627 1212 ingredi
650 1120 755 1207 licet,
784 1144 857 1194 non
885 1123 987 1196 iiiam
1009 1126 1190 1222 praecipi·

117 1253 212 1328 tem,
245 1261 356 1336 quam
385 1237 601 1334 Lennepius
632 1241 717 1317 iniit
749 1240 798 1313 ad
833 1230 974 1315 Phaiar.
1005 1244 1103 1341 Epp.
1124 1244 1189 1319 ΙΧ.

118 1359 233 1458 51.[⁴¹]
260 1358 326 1441 sed
353 1366 396 1429 ut
415 1380 484 1454 pro
500 1359 642 1458 Ὅρκου
663 1359 908 1433 substituatur
925 1366 1072 1461 '249ch
1099 1387 1190 1462 quo-

118 1478 232 1551 modo
266 1477 442 1550 Arctoa
474 1490 615 1574 porta
648 1478 782 1553 dieitur
815 1503 884 1577 pro
910 1483 1019 1577 plaga
1044 1496 1190 1579 septen-

119 1598 282 1670 trionali
302 1597 395 1671 Stat
427 1595 541 1669 Theb.
580 1595 654 1670 VII.
687 1597 748 1670 35.
799 1582 973 1672 Ceterum
1005 1600 1191 1690 Phanoeii,

121 1739 237 1814 quum
268 1717 334 1788 illa
365 1715 559 1804 scriberet,
595 1715 834 1789 obversatum
868 1717 1017 1813 quidem
1043 1717 1192 1792 videtur

115 1836 267 1932 Orphei
294 1837 369 1923 iter
394 1832 606 1913 Colchicum
620 1848 670 1910 vet
694 1835 929 1910 Planetarum
955 1839 1192 1928 transvectio,

127 1954 177 2027 de
211 1976 281 2051 qua
313 1957 394 2051 ipse
417 1967 544 2030 narrat
567 1957 608 2029 in
633 1955 769 2051 Argon.
797 1980 831 2031 v.
857 1958 956 2038 707..
970 1959 1091 2059 αὐτὰρ
1118 1959 1191 2063 ἐγώ

122 2084 286 2175 μολπῇσι
305 2072 533 2175 παρήπαφον
547 2077 744 2175 ἡμετέρῃσι
760 2078 894 2174 πέτρας
914 2075 1115 2177 ἠλιβάτους
1124 2080 1191 2177 [¹],

123 2195 188 2268 sed
220 2207 355 2267 tamen
378 2196 433 2266 ita
463 2205 507 2266 ut
539 2193 690 2291 Orpheo
724 2197 896 2269 universe
920 2199 998 2269 vim
1024 2209 1062 2269 et
1086 2208 1193 2293 pote·

122 2327 258 2389 statem
290 2312 538 2388 sedandorum
570 2314 748 2388 fluctuum
781 2314 922 2387 tribuat
947 2316 1012 2414 [⁸]‚
1054 2316 1193 2414 alioqui

124 2439 243 2512 ἔπεισε
281 2436 487 2532 scripsisset
525 2455 601 2507 non
634 2438 768 2511 siccatis.
830 2433 871 2506 si
906 2435 1017 2529 igitur
1049 2437 1192 2511 nulium

123 2557 260 2629 certius
285 2555 455 2628 afferetur
480 2567 753 2649 argumentum,
787 2554 923 2626 Orcum
951 2567 988 2627 et
1012 2554 1193 2632 Phorcuru

116 2673 286 2747 'eundem
320 2697 400 2749 esse
431 2696 507 2747 non
548 2674 809 2761 concedemus,
847 2674 944 2744 inter
978 2694 1069 2771 quos
1103 2673 1193 2748 deos

123 2772 294 2869 maxima
315 2807 373 2868 est
398 2807 517 2883 ortus,
550 2794 765 2893 potcstatis,
797 2794 940 2886 generis
966 2791 1194 2865 dissimilitu-

199 2998 260 3068 [1¹1³]
287 2999 319 3052 In
336 2998 462 3052 Varronis
478 2997 583 3052 Atacini
599 2997 704 3064 Fragm.
722 2995 769 3046 IV.
786 3012 812 3063 p.
831 2993 906 3047 1406.
931 2995 966 3048 Τ.
985 2995 1017 3044 V.
1035 2993 1109 3047 Post.
1122 2994 1193 3051 ,Min

124 3071 279 3121 Arctaeo
310 3069 471 3139 plaustro
502 3069 633 3120 Boreas
664 3065 856 3117 bacchatur
888 3065 928 3117 ab
959 3064 1099 3128 Haemo,
1131 3065 1193 3120 licet

127 3140 207 3193 etiam
236 3140 365 3192 Arctoo
388 3139 544 3192 claustro
568 3136 721 3189 substinere.
752 3162 754 3165 ·

198 3226 246 3296 [q]
273 3226 300 3278 Is
317 3244 365 3297 pro
384 3223 494 3302 Φόρκου
511 3222 598 3288 πύλας
615 3224 752 3278 substituit
769 3218 921 3291 Πλαγκτάς.
1005 3292 1007 3295 ι

80 3379 83 3383 7
198 3314 243 3384 [1]
269 3314 300 3366 Si
316 3313 465 3385 expressam
480 3315 557 3383 hujus
573 3315 638 3367 iacti
655 3311 800 3366 memoriam
817 3311 961 3379 proponere
981 3308 1105 3361 voluisset
1116 3310 1192 3362 Pha·

128 3384 233 3450 nocles,
259 3401 311 3437 non
328 3378 463 3447 ἀναὺδὸυς
479 3384 639 3454 scripsisset,
663 3383 732 3453 quod
749 3381 821 3435 saxis
837 3380 865 3432 in
881 3380 1043 3444 universnm,
1067 3395 1119 3431 non
1141 3379 1194 3431 iliis

110 3454 363 3523 ,metuerimus
384 3454 497 3525 scopulis
523 3456 656 3520 convenit,
676 3454 721 3506 sed
740 3452 880 3519 ἀναιδέας,
917 3450 969 3503 uod
985 3450 1122 3517 unicuique
1131 3465 1194 3577 ‘ppos‘c

130 3597 174 3647 ελν
190 3591 236 3649 ἀλλ
250 3600 356 3667 πέτρας.

18 3702 20 3707 -
203 3665 247 3734 [⁸]
271 3666 313 3718 Ab
337 3666 445 3737 Orpheo
462 3665 557 3718 venti
573 3664 759 3716 frenantur
776 3669 810 3715 et
826 3661 935 3713 undae
952 3658 1087 3721 claudian
1105 3656 1192 3708 Praei.

131 3734 166 3786 L.
183 3733 220 3786 II.
242 3735 319 3806 Rapt.
338 3736 381 3788 17.
403 3736 523 3804 idemque
542 3732 690 3791 clarissimis
706 3732 795 3784 verbis
816 3731 881 3785 dicit
903 3730 1041 3797 Antipater
1064 3742 1081 3776 a
1103 3724 1194 3776 Rubn-
1283 3776 1288 3781 ,

132 3805 212 3857 tenio
224 3805 377 3890 'aureatus
395 3806 551 3889 Weickcrus
567 3809 671 3869 contre:
698 3801 819 3886 Weder
835 3807 933 3922 ptest
950 3798 1011 3849 ani
1026 3795 1084 3846 das
1101 3793 1194 3845 Meet
1288 3807 1291 3812 ’

129 3875 330 3945 mordas
346 3873 555 3946 Stygssclce,
572 3874 656 3928 noch
672 3873 729 3925 bat
745 3872 830 3922 uber
862 3874 946 3937 anpt
959 3866 1115 3934 Orpbeus
1132 3863 1192 3916 das
1210 3924 1220 3930 ,η

126 3945 224 3999 Mser
247 3946 531 4014 bescbwichtigt.
566 3945 636 3998 Num
652 3944 730 3996 etism
747 3940 816 4011 apud
834 3941 953 3993 Nonnum
972 3937 1019 3988 IV.
1045 3932 1105 3985 115.
1127 3949 1193 3988 osu·

125 4013 201 4086 yrbr
217 4013 293 4086 ὕδωρ
312 4015 422 4084 Stygem
441 4014 590 4085 significati

174 4105 214 4170 u.
844 4068 871 4107 ⁵
969 4093 995 4167 6
1104 4196 1106 4205 Α
