2925 4684
294 259 391 336 1328
625 264 768 319 ereas
800 263 1019 318 rasurus,

290 431 340 507 ad
371 430 583 524 liopertum>
607 419 781 496 xxxvl.
814 417 900 491 304.
943 412 1207 510 chrysostomo
1240 418 1362 488 tacite

292 543 573 649 Σαμοθράκους
597 540 841 626 mhstimeno,
873 537 959 609 hoe
990 539 1191 624 nomine,
1221 537 1364 632 inquit,

293 670 379 746 alii
426 665 665 739 moriones
711 672 757 732 et
802 655 1110 729 ridicularios
1148 677 1361 744 scurras,

294 789 381 864 alii
405 784 589 885 plebem
615 781 661 852 in
687 777 878 875 circulis
904 774 1149 848 ductantes
1169 774 1359 872 planos-

293 930 380 1006 que
419 905 608 978 deorum
650 897 1083 972 Samothraciorum
1118 916 1358 968 eonsecra-
1443 935 1444 938 π

294 1046 407 1101 neos
449 1020 735 1113 intelligunt
805 1016 938 1089 Versum
968 1015 1143 1111 inomni
1175 1016 1359 1086 memoria

294 1143 585 1220 inauditum-est
609 1138 766 1212 deorum
790 1157 1007 1231 magnorum
1040 1132 1247 1207 sacerdotes
1267 1133 1358 1206 Isia-

296 1285 423 1341 corum
454 1283 558 1337 more
590 1258 782 1334 circulator
813 1276 1022 1352 nomenque
1046 1276 1156 1326 suum
1177 1256 1276 1326 inter
1302 1257 1357 1329 vi-

297 1388 350 1462 lcs
383 1394 530 1479 agyrtas
563 1392 674 1477 atque
704 1376 799 1451 adeo
830 1398 972 1449 scurras
1003 1375 1189 1472 professos
1212 1376 1359 1473 esse[].

298 1507 424 1603 Neque
431 1527 459 1594 ,“
476 1504 510 1576 si
542 1502 723 1574 nescimus
757 1494 855 1569 unde
880 1493 1094 1568 samardaci
1124 1497 1186 1569 vel
1211 1496 1357 1569 Smma-

297 1627 382 1702 doci
414 1622 592 1722 appellati
617 1613 768 1716 sint[‘]‚
793 1617 882 1688 haec
906 1614 1041 1688 idonea
1065 1617 1180 1704 ratio,
1204 1638 1268 1689 cur
1293 1638 1358 1687 eos

298 1743 573 1823 Samothracios
607 1740 720 1812 fuisse
746 1734 944 1809 credamus.
993 1734 1121 1832 Aeque
1144 1758 1277 1831 magna
1303 1747 1359 1808 est

298 1871 394 1940 inter
433 1859 593 1935 Cobalos
632 1870 670 1932 et
701 1853 855 1932 Gabinos
888 1855 1168 1952 dissimilitudo,
1201 1877 1358 1952 quorum

299 1986 354 2057 illi
389 1980 514 2054 Liberi
546 1978 665 2050 Patris
691 1976 937 2071 'perhibentur
961 1976 1139 2048 satellites
1165 1975 1294 2048 ludicri
1311 1988 1357 2047 et

291 2100 486 2187 scurriles,
528 2096 567 2167 lri
606 2115 695 2167 vero
736 2103 803 2166 aut
834 2093 986 2186 deorum
1021 2095 1356 2169 Samothraciorum

227 2213 229 2220 '
300 2222 456 2296 cultores
490 2215 734 2292 uetustissimi
766 2224 831 2290 aut
863 2214 915 2287 dii
947 2217 1039 2313 ipsi,
1071 2218 1197 2312 quiin
1220 2227 1357 2307 um

299 2344 364 2416 riis
398 2337 627 2421 colebantur,
663 2321 788 2428 magni
819 2346 929 2429 atque
961 2337 1161 2429 magnifici,
1202 2316 1356 2432 quorum'
1448 2337 1449 2428 ξ

299 2481 436 2542 nomen
469 2455 519 2529 ad
553 2455 719 2534 homines
752 2454 1014 2548 nequissimus,
1050 2454 1274 2552 praedones,
1300 2479 1381 2528 m..

299 2579 507 2664 villatores,
546 2593 706 2646 scurras.
727 2572 943 2646 translatum
985 2574 1206 2671 eosdemque
1246 2574 1356 2649 modo

299 2694 453 2773 Cabirus
479 2691 590 2768 modo
618 2688 777 2764 Cobalos
803 2690 920 2770 dictos
945 2716 1037 2783 esse,
1062 2694 1157 2768 adeo
1178 2700 1359 2790 repugnat

299 2829 342 2892 ut
365 2817 431 2892 vix
456 2814 552 2896 serio
578 2809 750 2894 affirmari
774 2810 953 2885 videatur.
1004 2813 1261 2890 Praetermitto
1286 2817 1357 2887 ori·

299 2938 401 3031 gines
441 2934 599 3008 nominis
639 2931 813 3042 Punicas,
832 2973 836 2980 ,
853 2930 1013 3021 Iudicas,
1061 2934 1293 3008 Hibernicas.
1318 2948 1357 3006 et

298 3075 392 3153 quac
422 3053 497 3126 alia
530 3051 698 3125 homines
721 3069 895 3148 peruerse
919 3050 1019 3126 docti
1045 3060 1082 3125 et
1106 3056 1270 3150 nequiter
1301 3055 1357 3124 in·

973 3161 984 3198 ,
1106 3175 1109 3182 Δ

369 3273 413 3394 [og
439 3272 687 3357 Plutareh3Cleom.
713 3272 826 3358 evm.
851 3268 901 3357 (iric
918 3268 1150 3358 concurrerimus
1167 3276 1356 3358 commut-

301 3359 364 3401 νους
380 3360 395 3394 o
414 3360 427 3400 ς
447 3346 633 3413 Σαμοθρᾳκας
649 3344 791 3396 aulonam·
817 3353 911 3410 optime
935 3343 1122 3395 Valckenarius
1146 3342 1217 3395 Drat.
1236 3343 1304 3412 Eur.
1327 3361 1355 3412 p.

298 3408 358 3463 228.
378 3407 504 3481 μόθακας
520 3413 651 3476 emendat,
676 3412 783 3479 nequis
800 3429 893 3464 vernas
915 3409 1075 3477 Laconich
1099 3413 1207 3482 quorum
1229 3419 1291 3465 uota
1314 3412 1356 3464 di-

298 3479 615 3603 cglcitamwsyamothraces
631 3483 773 3534 nominatos
790 3488 872 3549 putet.
891 3485 924 3535 cf.
941 3484 1050 3552 Segsar.
1069 3483 1103 3535 ud
1121 3479 1200 3535 Clem.
1219 3482 1284 3545 Quis
1302 3483 1356 3535 div.

340 3567 390 3620 .p.
460 3589 467 3602 .

368 3666 409 3738 [d]
444 3667 486 3720 Du
510 3667 625 3736 Congius
653 3669 680 3721 in
704 3669 791 3721 Gloss.
815 3670 864 3721 Gr.
886 3688 974 3725 vocem
998 3671 1176 3724 Africanorum
1199 3686 1257 3723 esse
1280 3671 1355 3736 dicit,

299 3741 409 3793 fortusse
426 3739 488 3806 quia
504 3738 662 3808 Augustinus
678 3756 712 3792 cs
728 3741 824 3805 utitur3
841 3758 875 3793 ex
891 3740 1119 3796 libroTalmudico
1134 3741 1274 3811 exemplum
1292 3758 1356 3810 pro-

298 3811 349 3861 fert
366 3809 405 3861 Le
423 3808 531 3877 Moyner
543 3808 577 3861 ad
601 3809 676 3862 Varr.
699 3810 773 3862 Sscr.
797 3829 822 3879 p.
840 3808 900 3863 284.
929 3811 1015 3872 Aud,
1027 3812 1067 3878 roi
1090 3811 1210 3881 agrarirm
1232 3819 1356 3864 rumores

297 3880 460 3932 samardacos
478 3880 611 3950 torminmn
628 3879 753 3933 bifurcum
771 3880 913 3949 significum
939 3829 1042 3951 pdunum
1064 3882 1191 3949 quendum
1208 3897 1265 3934 cum
1281 3881 1355 3949 ligno

298 3948 398 4000 bifurco
422 3967 450 4002 se
471 3957 598 4018 rotantem
619 3949 936 4014 inducittcommodiuuus
957 3951 1014 4003 loco
1035 3953 1108 4021 prius
1129 3951 1223 4014 allato,
1245 3967 1355 4020 quorum

169 4089 175 4096 .
297 4033 372 4069 unum
389 4034 445 4070 cun
463 4019 545 4072 altero
563 4036 597 4071 aa
613 4020 775 4087 coniunctum
791 4020 839 4083 sit,
861 4020 920 4072 aliis
937 4022 1109 4090 quaerendum
1124 4022 1248 4090 relinquo.
