2925 4684
249 171 325 245 ⁸72
482 243 487 256 ,
567 183 994 237 transsueunuus.
1058 210 1064 220 ·

249 340 473 416 immistum
497 360 706 427 sacrorum,
729 338 798 410 illa
822 336 1132 434 pontificalia
1156 348 1321 430 myste-

249 464 341 550 ria,
381 482 516 555 magna
549 456 735 532 indmtsia
766 456 912 552 eollegit
943 455 1130 530 Arnobinr
1160 457 1205 529 ·L.
1241 456 1321 530 vn.

250 603 351 680 quae.
378 581 505 653 omnia
537 602 584 652 ea
614 579 811 655 vetustatis
842 576 1011 672 robigine
1042 576 1201 650 obducta
1225 590 1322 664 sunt,

251 712 293 774 ut
324 722 371 772 ex
404 700 497 795 ipsis
530 697 777 795 Pompilianis
806 696 1095 792 indigitamentis
1128 695 1323 793 depromta

251 817 457 895 videantur.
510 817 660 890 Graetis
693 819 846 913 hujusce
876 819 1019 913 generis
1055 821 1164 912 eopia
1187 817 1322 904 nsinor,

251 937 318 1014 sed
343 940 377 1042 si
401 936 451 1010 ad
476 959 710 1011 communem
734 936 911 1035 loquendi
935 934 1236 1010 conmemdinem
1265 960 1323 1008 re·

253 1058 370 1147 feras,
396 1055 525 1131 eadem
550 1057 750 1130 insolentia
775 1068 814 1129 et
839 1056 1057 1145 enormitas,
1083 1054 1252 1154 pluribus
1277 1080 1326 1129 ex

254 1180 385 1253 causis.
436 1175 607 1273 Namque
646 1176 849 1251 mutorum
889 1174 1173 1264 vocabulorum,
1211 1198 1325 1272 quum

253 1321 341 1372 usus
373 1289 542 1395 publicus
573 1299 806 1371 intermissus
832 1309 946 1385 esset,
973 1298 1087 1370 etiam
1112 1297 1235 1368 forma
1260 1277 1353 1369 ob?

254 1415 408 1504 solent,
433 1417 548 1505 sieut,
574 1416 665 1513 quid
689 1416 807 1520 πηγός
832 1417 1029 1511 significet,
1056 1415 1145 1512 qiud
1169 1416 1326 1516 μίστυλ-

255 1545 324 1625 im·
340 1533 429 1633 quid
454 1533 665 1633 οὐλοχύται,
690 1549 840 1635 praeter
866 1535 995 1642 doetos
1020 1537 1207 1610 neminem
1231 1538 1325 1610 seire

254 1666 410 1730 testatur
444 1655 594 1730 Strattis
626 1655 759 1730 Athen.
791 1655 856 1730 IX
888 1656 977 1729 383.
1010 1655 1055 1729 Α.
1106 1656 1158 1728 Et
1182 1654 1230 1729 ad
1255 1657 1326 1729 hoe

255 1775 446 1852 desuetum
481 1798 595 1873 genus
627 1776 786 1850 sonasse
818 1778 1005 1873 pertinent
1036 1778 1147 1852 etiam
1174 1777 1327 1850 nomina

257 1899 344 1996 ξ’ρση
369 1909 408 1969 et
433 1896 569 1997 σι’φνις.
605 1895 744 1969 Moeris
770 1918 807 1992 p.
837 1894 921 1967 141.
952 1895 1168 1999 Ἑρρηφόροι
1193 1900 1234 1975 αἱ
1256 1898 1327 1993 τὴν

256 2012 397 2116 δρόσον
428 2018 610 2116 φέρουσαι
633 2023 680 2112 τῇ
703 2014 838 2115 Ἕρσῃ,
876 2017 1014 2111 quoin
1039 2017 1122 2090 loeo
1149 2017 1327 2091 mati·
1353 2026 1358 2032 '

222 2123 233 2136 ”
258 2155 348 2209 vum
388 2132 528 2235 δρόσον
570 2134 763 2208 Sallierius
798 2145 836 2205 et
867 2133 1064 2210 Piersnnns
1095 2136 1186 2209 ferri
1216 2147 1360 2233 posse

256 2268 406 2352 negant3
433 2254 566 2352 quibus
592 2254 803 2328 adsentiens
815 2254 1111 2354 Kulenkampius
1137 2255 1186 2329 ad
1200 2256 1328 2351 Etym.

258 2376 308 2449 Μ
345 2399 382 2473 p.
415 2375 503 2449 762.
536 2375 604 2472 τὴν
637 2375 788 2475 πομπὴν
820 2385 991 2454 τελοῦσαι
1016 2375 1200 2450 emendat.
1253 2374 1329 2450 Sed

258 2492 398 2596 δρόσου
438 2495 588 2569 nomine
628 2494 692 2568 ille
724 2497 805 2569 sine
838 2495 953 2569 dubio
988 2496 1140 2571 inferias
1173 2496 1329 2591 inteliigi

259 2612 420 2705 volebat,
447 2637 549 2712 quas,
575 2626 617 2688 ut
633 2616 772 2696 ‘eeteris
797 2615 970 2689 heroibus
995 2616 1240 2713 hominisque,
1274 2616 1331 2687 ita

258 2735 373 2808 etiam
406 2733 548 2810 Hersae
582 2732 688 2809 datas
722 2756 803 2808 essa
836 2734 1330 2834 eradiparest3100teque

258 2877 348 2930 sana
381 2855 651 2929 Grammaticus
683 2855 871 2929 Roriferas
908 2854 955 2928 ab
988 2877 1034 2928 eo
1066 2855 1168 2955 quod
1192 2855 1330 2927 ferrent

196 3035 199 3040 .
260 2973 377 3080 dictas
404 2976 602 3066 existimat,
626 2998 702 3048 non
728 2975 776 3061 ab
802 2997 847 3047 aa
872 2976 931 3049 cui
956 2975 1110 3066 ferrent3
1136 2997 1255 3073 neque
1274 2977 1330 3060 in-

159 3173 162 3178 ,
261 3093 453 3168 commode
477 3096 581 3169 illam
607 3095 876 3194 adsperginem,
900 3117 975 3192 qua
996 3108 1227 3169 mortuorum
1249 3116 1331 3168 mn-

225 3281 228 3286 ,
261 3225 437 3286 numenta
469 3216 668 3289 intonarent
686 3213 754 3314 [†],
796 3216 945 3312 antiquo
978 3236 1148 3287 sermone
1179 3234 1333 3288 rorem

208 3363 212 3372 ·
264 3334 388 3407 vorari
429 3337 571 3408 sumsit.
635 3332 679 3406 ld
718 3333 810 3405 mihi
843 3323 940 3406 certa
973 3335 1092 3408 multo
1126 3333 1344 3432 simplicius.

263 3453 414 3549 verique
454 3454 610 3527 similius
651 3451 818 3542 videtur,
856 3476 966 3554 quam
1009 3451 1108 3552 quod
1150 3453 1332 3527 Muellero

262 3565 403 3669 placet,
431 3573 540 3672 ἕρσας
566 3581 718 3648 vocatas
744 3594 825 3648 esse
850 3572 1000 3647 frondes
1025 3587 1190 3650 recentes
1215 3582 1254 3645 et
1272 3594 1333 3644 ra-

263 3691 467 3780 musculos,
504 3702 541 3765 et
569 3689 642 3765 hoe
666 3713 747 3767 esse
771 3696 990 3789 mysterium
1015 3693 1112 3769 illud
1136 3690 1239 3792 quod
1263 3690 1334 3764 Ar-

225 3915 232 3934 =
333 3879 373 3948 [†]
400 3877 494 3933 Fetiut
512 3878 1211 3953 Artoriaaquaqueinterisltbsbstur.
1245 3879 1335 3932 Glors.

263 3947 388 4003 Adisdae
406 3946 480 4019 idua
498 3946 528 4004 τὸ
546 3948 592 4003 ἐπὶ
610 3955 723 4020 νεκροῖς.
1319 3963 1325 3978 ¹
