2925 4684
103 97 116 150 ρ
162 92 171 109 .

132 195 138 205 ’
197 255 217 300 ,
248 204 347 307 1140
582 221 725 275 ursus
752 218 973 274 rnurrus.

120 430 126 443 ,
174 439 179 448 ,
245 387 391 477 praeter
423 398 561 451 nomen
593 377 688 450 nihil
713 377 792 449 fere
817 385 981 467 constat,
1021 374 1077 448 Ao
1100 396 1148 447 ue
1169 376 1319 450 iuveni-

247 512 308 571 tur
341 495 491 595 quidem
524 495 682 570 illudio
708 496 973 569 vetustissimis
997 494 1212 591 graecarum
1236 495 1318 568 fite·

247 639 371 691 rarum
404 619 644 690 monimentis
677 614 744 688 sed
778 618 967 705 omnium,
1000 618 1064 712 qui
1080 611 1320 688 bodienos-

233 749 398 827 tumtur,
434 740 576 835 primus
604 736 774 833 Orpbeus
807 738 847 808 in
875 734 1090 830 Theogonis
1113 733 1323 809 introduxit

247 857 490 955 Proserpinae
522 857 719 946 satellites,
752 869 795 928 ut
827 855 1003 929 Proculus
1027 855 1161 945 refert,
1192 856 1321 953 ἡῘτῶυ

249 974 511 1078 Κορυβάυρωυ
542 975 646 1065 τάξις
679 974 1019 1075 ουμπροβαίυουσα
1049 986 1096 1074 τῇ
1128 973 1233 1076 Κόρῃ
1258 972 1322 1051 καὶ

248 1106 472 1198 φρουροῦσα
505 1097 624 1194 αὐτὴν
647 1117 684 1170 v.
710 1117 810 1192 supr.
842 1118 880 1192 p.
906 1092 992 1167 546.
1027 1096 1090 1192 qui
1123 1106 1161 1168 et
1184 1115 1321 1167 nomeu

249 1215 336 1288 hino
374 1226 497 1292 ortum
536 1228 662 1314 putat,
702 1214 893 1309 vulgarem
926 1216 966 1287 in
999 1215 1071 1288 boo
1104 1216 1321 1313 opinionem

121 1344 125 1352 '
250 1334 620 1433 sequutus'Serrius
646 1333 695 1406 ad
721 1334 813 1407 Aen.
837 1334 900 1407 111
928 1334 1011 1412 lll.
1037 1335 1183 1409 aenea
1204 1355 1324 1428 eym-

158 1460 162 1464 “
250 1455 360 1529 bala
394 1452 749 1549 Corybantibus
782 1451 913 1546 dedit
945 1454 1149 1529 Iasionis
1182 1451 1323 1542 filiis,

252 1577 333 1675 qui
364 1576 572 1671 vagitum
598 1571 735 1651 lovis
761 1574 1058 1664 celaverunt,
1091 1581 1203 1674 quos
1227 1574 1323 1671 qui-

253 1693 355 1769 dam
396 1692 699 1791 Corybantes
725 1692 895 1768 ¹dirtos
935 1697 1106 1793 putant
1145 1694 1219 1771 ἀπὸ
1258 1700 1324 1789 τῆς

253 1814 396 1918 Κόρης,
437 1813 651 1909 Corybas
692 1816 817 1886 enim
856 1813 1164 1912 Proserpin'd,
1208 1808 1350 1910 quae*

253 1933 714 2037 den-dioitur‚‘sine
740 1945 1050 2032 patronatus.
1102 1934 1233 2008 Paullo
1259 1933 1327 2006 ali-

256 2065 313 2127 ter
338 2055 465 2147 Etym.
490 2052 542 2125 Μ.
567 2051 809 2154 ’Κορύβαυτες
835 2057 871 2130 οἱ
891 2055 961 2152 τὴν
980 2054 1107 2158 Κόρηυ
1130 2050 1327 2153 καταβάν-

1219 2166 1358 2245 fabo·

147 2278 149 2282 ¹
257 2293 317 2367 lae
336 2293 583 2394 ¹fundamenta
607 2293 734 2366 latent.
785 2291 902 2368 Nobis
935 2294 1146 2369 credibilius
1179 2285 1329 2380 uidetur

238 2436 394 2512 „nomen
421 2411 674 2508 Corybantum
700 2413 778 2485 illio
803 2424 934 2498 natum
958 2435 1039 2485 esse
1047 2412 1095 2512 ss]
1124 2412 1188 2488 ubi
1214 2409 1328 2506 Cor'y-

165 2602 169 2607 .
195 2515 198 2520 ⁵
257 2533 413 2606 bantiou
447 2545 485 2605 et
502 2529 717 2628 ‘Corybissa
741 2533 831 2623 fuit,
865 2535 905 2605 in
933 2531 1098 2623 Troade,
1124 2549 1218 2631 quae
1243 2532 1329 2605 reli-

259 2655 407 2748 monum
440 2652 682 2749 Phrygiarum
696 2652 869 2752 :propria
899 2651 1024 2744 sedes3
1065 2654 1329 2748 etymologiam

168 2761 186 2793 ⁵
262 2787 384 2870 tamen
408 2775 537 2873 istam,
563 2777 657 2847 'utut
688 2774 822 2848 falsam
856 2772 1090 2870 similemque
1121 2773 1216 2863 illis,
1241 2773 1329 2869 qui·

239 2892 329 2968 ¹bus
354 2892 535 2967 vocabula
560 2894 745 2985 Amanus,
770 2893 975 2987 Atergatis,
1000 2892 1192 2966 Adiabene
1213 2891 1329 2989 expli·
1447 2960 1449 2962 ,

261 3024 412 3102 rantur,
454 3035 530 3086 non
563 3015 645 3088 sola
677 3016 759 3087 soni
792 3012 1037 3087 similitudine
1070 3012 1138 3087 sed
1172 3010 1330 3109 quadam

111 3119 117 3130 s
203 3175 207 3192 ι
262 3133 417 3207 Liberae
444 3155 527 3205 eum
555 3129 829 3227 Corybantibus
854 3136 1031 3207 societate
1056 3135 1144 3221 niti,
1178 3153 1223 3203 ex
1248 3129 1331 3202 aliis

130 3440 138 3454 .
237 3453 241 3460 ,
264 3402 381 3456 deflectit
393 3406 489 3473 γένους
499 3402 530 3458 δὲ
548 3391 621 3458 οὗτοι
636 3403 746 3459 ἀλλοίου
764 3407 811 3456 καὶ
824 3405 851 3457 οἱ
862 3400 1006 3476 Κούρητες,
1025 3403 1117 3455 alius
1136 3408 1215 3454 sunt
1233 3415 1331 3468 gone·

265 3474 315 3525 ris
339 3471 559 3539 Corybantes
583 3481 686 3542 atque
713 3474 867 3526 Curetes.
903 3474 957 3526 Sed
979 3468 1333 3538 exsliisPaussmselosis

266 3557 316 3595 non
335 3549 444 3610 sppsrst
462 3559 518 3594 eum
536 3542 700 3613 Corybantes
717 3562 740 3596 s·
752 3544 892 3596 Curetibus
909 3544 1027 3598 diversos
1050 3551 1158 3612 putasse
1180 3548 1208 3593 et
1230 3541 1254 3592 si
1278 3539 1334 3590 Cu-

265 3618 335 3665 retes
359 3618 386 3663 et
411 3612 588 3680 Corybantes,
612 3621 642 3664 ut
664 3613 744 3681 vulgo
768 3614 949 3683 comprehendi
973 3614 1070 3678 solent,
1095 3615 1135 3667 ite
1157 3612 1184 3663 in
1208 3610 1254 3662 illa
1274 3608 1333 3660 basi

105 3742 108 3750 ,
266 3681 395 3751 conjuncti
418 3683 506 3747 luere,
529 3682 593 3735 nibil
609 3682 736 3737 intererat
758 3692 818 3735 ntro
840 3683 897 3736 loeo
913 3683 978 3736 illud
996 3684 1160 3750 admoneret,
1184 3679 1253 3748 quod
1276 3678 1336 3730 vul·
1374 3746 1376 3750 ‚

210 3809 213 3814 ,
266 3761 330 3821 gata
347 3751 424 3804 lectio
443 3752 582 3821 significat,
600 3753 676 3806 unius
693 3770 780 3806 sorum
798 3754 937 3821 (Curetum
954 3753 996 3806 vel
1015 3752 1207 3822 Corybantum)
1225 3750 1336 3817 ligurum
1375 3753 1377 3762 ‘

266 3841 317 3877 nou
335 3839 393 3875 esse
409 3820 520 3890 ceretu·
538 3822 580 3875 rel
599 3823 759 3892 Corybantis
782 3822 843 3891 (sed
867 3823 934 3876 alins
957 3823 1068 3876 ministri
1089 3821 1221 3884 Cerealis,
1245 3816 1337 3872 Jseobi

266 3901 313 3946 aut
329 3893 441 3946 lusionis
459 3904 505 3946 sut
522 3894 601 3963 Anyti
621 3894 685 3962 ete.)

338 3979 387 4046 [Τ]
415 3980 477 4043 Quo
495 3987 609 4050 tempore
627 3980 714 4049 lingua
733 3980 856 4034 hebraica
878 3980 987 4033 omnium
1010 3972 1338 4068 antiquissimnxoredebs-
