2925 4684
246 214 322 287 896
578 226 708 280 crena
739 225 983 308 secuturus,

164 417 170 430 ’
246 384 338 483 ἦχον
364 387 495 486 φωνὴν
523 385 617 460 εἶναι
643 413 746 468 τινος
771 392 850 458 τῶν
875 379 1072 479 δαιμόνων
1098 386 1316 480 ἐνοπειλημ-

245 508 362 605 μένην
394 535 449 605 τῳ
477 497 615 603 χαλκῷ.
657 515 695 574 et
728 502 946 575 Eustothius
979 523 1016 596 p
1054 499 1161 574 1067
1189 498 1248 574 59
1282 507 1318 578 οἱ
1358 533 1359 536 ,

247 613 511 729 Πυθαγόρειοί
556 648 651 724 φασι
693 625 766 700 τὸν
805 622 948 719 χαλκὸν
989 621 1103 697 παντὶ
1144 631 1318 719 συνηχεῖν
1456 686 1458 690 ,

248 747 425 848 θειοτίρῳ
450 742 653 844 πνεύματι,
680 744 741 820 626
767 743 912 845 καὶτῷ
933 738 1145 820 Απόλλωνι
1163 743 1317 843 τρίπους

245 876 413 952 τοιοῦτος
452 861 653 942 ἀνάκειται.
694 841 828 962 quibua
867 860 1047 957 fingendIa
1087 863 1317 936 occasionem

246 984 354 1059 dedit
393 986 490 1059 aeris
528 1006 618 1058 usus
659 983 708 1058 ad
748 985 951 1079 imaginem
998 983 1229 1079 antiquitatis
1277 984 1333 1058 in.

244 1108 359 1181 sauir
396 1115 580 1193 retentus,
617 1108 721 1201 cujus
762 1125 911 1178 causam
951 1102 1121 1176 sollerter
1159 1103 1319 1200 explieat

244 1225 436 1300 Hoeclriuo
467 1228 508 1298 in
535 1215 675 1298 Creta'
698 1224 741 1297 Τ.
766 1225 794 1297 Ι.
821 1223 908 1297 264.
935 1221 1154 1297 Sacerdotes
1178 1224 1317 1299 Roma-

245 1367 315 1419 nos
342 1367 463 1440 aenea
493 1345 635 1441 forcipe
660 1345 716 1416 uti
741 1364 811 1439 pro
836 1344 957 1435 ferrea
982 1341 1064 1415 Iob.
1089 1341 1218 1437 Lydus
1243 1356 1318 1416 tra·

247 1465 303 1539 dit
327 1465 444 1560 Mem.
469 1465 497 1538 L
524 1466 560 1539 9.
589 1465 648 1537 12.
674 1462 805 1536 addita
828 1465 991 1537 ratione:
1017 1464 1037 1540 6
1064 1465 1139 1567 γὰρ
1165 1463 1317 1564 σίδηρος
1378 1487 1391 1498 ’·

246 1586 344 1663 κατὰ
370 1585 459 1671 τοὺς
485 1583 778 1689 Πυθαγορείους
802 1593 848 1682 τῇ
873 1585 943 1681 ὕλῃ
968 1581 1176 1662 ἀνάκειται·
1203 1586 1317 1684 μέλας

245 1706 321 1809 γὰρ
346 1706 410 1782 καὶ
433 1704 499 1782 διὰ
522 1714 635 1794 τοῦτο
662 1706 772 1808 ἐγγυς
796 1705 903 1804 ᾅδου.
930 1715 1039 1776 etex
1064 1701 1195 1776 eodem
1212 1704 1318 1777 fonte

245 1825 380 1899 hausta
417 1823 617 1926 vitientur,=
652 1846 747 1921 quae
779 1824 957 1897 Proculus
988 1835 1115 1896 namot
1144 1825 1185 1896 in
1217 1822 1316 1899 Crat

248 1940 418 2020 CXXIX.
456 1969 494 2042 p.
528 1944 589 2018 81.
630 1947 650 2022 6
680 1946 823 2048 χρυσὸς
846 1947 997 2022 ’ἀνεῖται
1032 1952 1087 2043 τῷ
1118 1947 1349 2049 πρυτίστῳ’

247 2073 326 2141 τῶν
350 2063 504 2163 κόσμιον
529 2052 593 2141 καί
611 2067 781 2168 ἐμπορίῳ
800 2066 864 2141 καὶ
875 2051 1014 2166 νοερῷ,
1040 2065 1159 2164 φασὶν
1176 2069 1213 2143 οἱ
1222 2072 1316 2145 θεο-

249 2182 371 2288 λόγοι,
406 2184 426 2261 6
461 2184 504 2260 δὲ
537 2188 702 2290 ἄργυρος
734 2196 792 2286 τῷ
820 2188 923 2285 μέσῳ
957 2185 994 2283 (6
1026 2184 1069 2260 δὲ
1100 2189 1238 2284 χαλκὸς
1261 2196 1317 2289 τῷ

246 2303 391 2406 nitatur).
445 2302 521 2378 sed
551 2304 642 2379 haee
662 2308 743 2402 Jam
769 2306 881 2380 altius
905 2315 1090 2401 spectant,
1127 2329 1318 2382 reservan-

104 2451 112 2459 ·
248 2424 374 2523 daquex
399 2437 486 2497 sunt
517 2428 552 2498 ei
583 2426 686 2516 Ioco,
721 2448 795 2523 quo
829 2423 876 2497 de
907 2424 1039 2498 mundi
1070 2424 1249 2516 visibilis,
1274 2442 1318 2502 nt

247 2546 397 2638 mystici
428 2545 647 2642 loquuntur,
681 2559 720 2618 et
750 2544 949 2621 invisibilis
981 2557 1153 2619 contextu
1190 2546 1318 2621 dedita
1355 2561 1357 2566 ’

249 2685 363 2762 opera
387 2665 611 2740 tractabitur.
651 2667 712 2738 De
737 2665 1049 2760 Pythagoreorum
1076 2663 1232 2744 decretis
1256 2689 1317 2741 su-

246 2796 370 2882 perest
399 2785 493 2859 illud
525 2786 625 2885 quod
656 2787 766 2880 Diog.
798 2785 863 2876 La.
896 2784 993 2858 VIII.
1030 2784 1086 2858 10.
1120 2799 1159 2858 et
1182 2784 1316 2862 Jambl.

248 2905 291 2978 V.
325 2906 364 2979 P.
398 2931 427 2979 c.
454 2906 626 2982 XXVIII.
658 2908 837 2981 referunt:
872 2906 1066 3004 ἀπείχοντο
1100 2912 1216 3007 σοροῦ
1246 2939 1314 2986 κυ-

247 3027 467 3125 παρισσίνης
505 3029 570 3105 διὰ
610 3030 653 3106 τὸ
693 3037 762 3105 τοῦ
796 3028 885 3111 Διὸς
917 3035 1104 3123 σκῆπτρον
1122 3031 1315 3106 ’ἐντεῦθεν

166 3229 171 3236 ,
247 3155 487 3243 πεποιῆσθαι.
520 3147 619 3245 quod
652 3151 732 3221 sine
764 3146 879 3220 dubio
913 3168 958 3219 eo
990 3149 1225 3244 propositum
1260 3161 1316 3221 est

247 3267 401 3339 consilio
435 3280 477 3341 ut
508 3268 676 3343 homines
709 3289 733 3338 a
757 3268 960 3341 vanissimo
986 3277 1160 3341 avocaret
1184 3289 1315 3360 genere

247 3397 447 3475 sumtuum,
467 3356 566 3486 qu6d
580 3400 812 3462 mortuorum
828 3387 962 3460 honori
976 3384 1216 3485 tribuitur[†.]
1241 3386 1314 3460 Ne

247 3528 318 3603 que
350 3528 417 3602 ego
449 3510 607 3583 multum
632 3507 869 3605 repugnabo,
900 3509 934 3579 si
966 3509 1047 3603 quis
1078 3507 1146 3580 illa
1170 3529 1315 3604 quoque
1346 3509 1351 3514 ’

246 3638 463 3725 praecepta,
497 3626 544 3701 de
571 3629 717 3728 'tonitru
749 3638 787 3702 et
818 3626 866 3700 de
884 3629 1033 3704 'tinnitu
1065 3629 1232 3714 aurium,
1265 3625 1339 3704 ad.

209 3857 214 3867 ’
318 3864 1165 3951 [Η16οἰίὶιιιοοιοιιοιοιΒοΙιοιιοιοιΙιοιιιροίιιῡίοΜά
1182 3864 1314 3947 (inpressu

246 3950 271 4003 p
290 3932 350 3988 589
369 3936 436 3990 ΤΗΙ
454 3939 515 3991 Dirc
515 3937 894 4025 crtattSinrpIicissimavre
834 3936 938 3989 vieurdt
954 3936 1023 3988 ratio
1008 3953 1102 4004 q
1069 3935 1207 3988 ‹IJvr
1194 3934 1314 4003 epatria,

247 4003 284 4055 Cr
284 4010 342 4070 e‚tc
363 4024 543 4078 cupressorum
559 4010 586 4063 te
571 4009 720 4065 erccirrimc
738 4010 798 4062 fuit.
816 4024 842 4060 v
860 4005 975 4060 Boeekh.
993 4005 1026 4058 ad
1045 4005 1121 4061 Pirul
1139 4005 1185 4057 Fr
1206 4023 1231 4077 p.
1254 4001 1314 4057 681.
