2925 4684
500 182 863 239 stnornnncmp
1119 146 1217 247 1309
1297 249 1299 255 ,

144 362 244 414 sum
295 343 546 413 certiorem
590 339 867 428 redderent,
912 340 1216 441 ,hostiumque

144 461 356 534 consilia
375 459 662 551 revelarent,
689 459 857 556 quales
884 461 1094 535 ethodie
1114 464 1216 538 Sar·

141 582 287 653 matia
330 581 603 677 frequentes
645 579 808 669 habet,
858 601 971 675 quos
1021 582 1216 659 Drullos

90 716 93 729 ·
143 698 365 792 sarmati,
392 697 592 773 Coltkos
617 700 842 789 Rutheni,
876 699 1101 775 Germani
1128 698 1216 776 Co-

141 818 289 894 balos
324 832 522 909 vocant,
566 821 646 917 qui
684 841 734 893 se
778 800 1031 895 occultant
1056 825 1103 896 in
1138 845 1213 895 ae·
1285 852 1287 856 ·

142 938 267 1013 dium
306 938 642 1039 penetralibus
683 951 764 1013 aut
807 940 1046 1036 lignorum
1088 964 1216 1016 acer-

64 1085 67 1092 *
133 1061 216 1155 vis
243 1045 559 1165 calqntu'rque
586 1083 610 1132 a
635 1059 916 1136 domesticis
942 1084 1108 1158 magna
1132 1086 1215 1138 ve-

140 1182 413 1272 neratione,
449 1178 572 1280 qnod
607 1180 889 1255 trumentum
923 1204 982 1255 ex
1014 1182 1216 1256 aliorum

140 1300 326 1375 horreis
351 1303 401 1374 in
425 1303 639 1399 ipsorum
666 1300 944 1399 deportent,
977 1323 1215 1407 equosque
1341 1301 1343 1306 ’

141 1435 322 1513 curent3
356 1420 508 1529 qua-de
526 1445 567 1494 re
592 1422 702 1520 plura
727 1433 880 1496 narrant
911 1420 1074 1496 loannes
1099 1420 1215 1494 Mele-

139 1544 214 1616 tius
240 1542 420 1616 et01aus
445 1541 600 1637 Magnus
626 1566 663 1618 v.
690 1541 856 1616 Wemer.
882 1542 930 1615 de
955 1539 1087 1614 Idolol.
1114 1539 1213 1615 Vett

141 1663 360 1737 Prussorum
396 1659 429 1759 ξ.
454 1661 490 1733 4.
541 1661 624 1735 Hos
658 1663 771 1759 igitur
802 1663 835 1736 si
867 1663 1069 1760 sequimur·
1088 1672 1214 1735 aucto-

140 1803 219 1872 res,
252 1778 382 1854 Cubali
407 1780 533 1886 Liberi
558 1781 678 1855 Patris
707 1794 829 1855 erant.
846 1784 952 1880 quasi
983 1779 1134 1879 paredri
1168 1804 1214 1853 cx

28 1914 30 1917 ·
141 1922 187 1972 eo
213 1899 438 1973 daemonum
465 1922 615 1994 genere,
649 1923 742 1998 quos
768 1900 933 1997 >tongins
958 1910 1105 1975 nostras
1131 1901 1213 2003 sive

140 2020 215 2094 alio
241 2023 399 2093 nomine.
418 2019 645 2115 Stillingius,
677 2023 738 2096 vir
761 2023 803 2094 in
828 2020 1131 2119 pneumatologia
1156 2044 1213 2125 ce·

138 2140 257 2231 leber,
290 2139 549 2214 mcdioxumos
589 2139 897 2239 (Mittelgeister)
921 2153 1059 2231 ,voeat3
1094 2164 1212 2238 eoque

137 2262 223 2360 plus
249 2260 335 2337 fidei
363 2261 518 2356 acquirit
537 2259 585 2331 D.
606 2258 829 2352 Hieronymi
846 2262 1123 2350 testimonium,
1147 2263 1212 2356 qui
1324 2275 1329 2287 '

137 2382 179 2453 in
210 2379 299 2452 Vita
324 2379 445 2478 ¹Pauli
488 2379 676 2451 Eremitae
715 2390 842 2452 narrat
876 2380 1012 2453 Sancto
1045 2379 1210 2453 Antonio

61 2580 64 2587 ‚
138 2499 325 2597 quondam
351 2502 391 2572 in
419 2498 608 2572 Thebaide
647 2497 851 2588 ambulanti
885 2499 1037 2574 obviam
1070 2502 1211 2577 factum

138 2641 219 2700 esse
234 2619 526 2708 homunculum,
559 2619 636 2691 lere
661 2631 703 2691 ut
728 2620 855 2714 Satyri
883 2620 1075 2719 Faunique
1107 2622 1211 2717 pingi
1274 2692 1276 2695 ,

136 2740 275 2841 solent,
309 2739 461 2815 aduncis
487 2740 657 2828 naribus,
689 2740 811 2811 fronte
837 2753 1022 2830 cornuta,
1048 2740 1208 2838 pedibus

138 2862 317 2961 caprinis,
343 2882 515 2956 eumque
548 2863 813 2963 interrogatum
854 2862 964 2955 cujas.
996 2869 1112 2946 esset,
1152 2882 1208 2930 re·
1251 2872 1254 2877 ’
1356 2838 1358 2843 ’

135 2979 540 3080 spondisseseunum
572 3001 653 3051 esse
685 3002 732 3050 ex
765 2977 897 3051 incolis
932 2978 1079 3068 Eremi,
1116 3001 1208 3077 quos
1294 2996 1296 2999 ·

129 3103 271 3199 ,pagani
306 3099 422 3174 modo
454 3099 612 3198 Incubos
646 3097 870 3196 appellent,
890 3096 1006 3171 modo
1042 3100 1208 3193 Satyros,

136 3235 352 3319 cretumque
392 3221 539 3308 venire,
582 3232 623 3292 ut
662 3220 849 3294 Antonius
881 3242 950 3317 pro
992 3242 1061 3294 sua
1100 3232 1207 3315 gente
1342 3293 1344 3295 ,

6 3348 7 3353 ’
135 3342 237 3438 apud
262 3342 377 3417 deum
400 3342 568 3415 omniurn
596 3362 721 3415 rernm
756 3338 948 3413 dominum
980 3340 1206 3415 intercedere

6 3494 8 3507 ἱ
135 3460 237 3535 velit.
284 3463 335 3536 Et
359 3464 399 3536 in
426 3463 641 3535 universum
668 3459 715 3533 de
742 3460 813 3534 diis
839 3461 1065 3535 Graecorum
1090 3462 1206 3537 medii

135 3579 222 3652 aevi
246 3584 442 3677 scriptores
468 3584 522 3665 ita
547 3580 620 3653 sibi
646 3590 926 3678 persuaserunt,
957 3569 1023 3654 'eos
1056 3594 1121 3655 aut
1145 3605 1205 3653 re-

135 3699 192 3793 gis
218 3698 443 3773 infernorum
465 3701 644 3788 satellites
664 3701 780 3772 fuisse
805 3713 843 3772 et
863 3704 1086 3788 emissarios,
1111 3720 1206 3795 quae

7 3869 14 3902 ,
135 3819 297 3914 suspicio
324 3822 483 3892 maxime
516 3820 563 3892 de
596 3806 773 3916 Apolline
807 3823 1008 3917 ceterisque
1040 3820 1205 3892 oraculo·
1270 3870 1273 3878 -
1324 3862 1326 3867 ,

133 3942 217 4012 rum
243 3935 475 4038 praesidibus
502 3941 639 4029 valuit,
674 3951 739 4013 aut
771 3942 862 4013 artis
896 3943 1060 4036 magicae
1091 3939 1204 4013 sacul-

163 4062 217 4133 .11.
950 4061 1001 4134 34
1095 4056 1098 4063 ‘
