2925 4684
291 328 293 331 ,
464 226 802 359 εᾹΜοΤΗιιμιΑ.
1077 264 1175 340 1279
1234 342 1281 361 Μ

105 402 202 508 mus.
252 432 330 505 Sed
355 431 552 513 redeamus
577 428 626 503 ad
648 429 881 521 Strabonem,
907 453 931 505 a
955 454 1029 529 quo
1055 387 1177 511 diuer-

103 557 154 629 tit
178 555 309 628 onatio.
693 549 695 553 ’
860 575 862 580 ’
947 580 950 585 ·
1084 584 1086 591 ,

564 825 597 922 s.
651 822 709 897 15.

207 1029 319 1107 nau
344 1044 555 1106 extremum·
574 1031 713 1121 omnia,
738 1052 834 1127 quae
859 1028 1035 1107 hactenus
1061 1055 1178 1131 expo·

42 1134 44 1143 '
102 1166 255 1245 suerat„
275 1154 317 1227 in
340 1155 521 1226 incertum
547 1158 699 1227 'revocat
724 1148 854 1222 addita
880 1149 1060 1242 clausula,
1086 1176 1180 1251 quae
1295 1188 1297 1193 ⁴

22 1310 25 1323 ·
106 1290 255 1348 omnam
289 1274 516 1372 quaestionis
547 1269 596 1343 ad
622 1272 763 1344 exitum
789 1268 1046 1368 perducendae
1071 1294 1178 1373 spem

105 1393 316 1468 abscindat:
355 1396 449 1471 desc
490 1393 529 1470 d’
575 1393 694 1477 ditare
740 1388 978 1488 μυθεύουσιν
1025 1393 1179 1494 ἀπόροις

105 1517 232 1617 ἄπορα
255 1511 517 1625 quadratorum
532 1520 570 1608 p.
596 1511 682 1585 213.
724 1508 817 1599 Quis
843 1513 941 1584 enim
968 1537 1015 1587 ex
1038 1519 1179 1613 paucis,
1258 1531 1261 1534 ‘

105 1645 201 1732 quae
227 1636 371 1730 cognita
395 1632 596 1720 habemus,
628 1633 874 1727 conjecturam
899 1631 1013 1706 faciat
1037 1634 1084 1709 de
1110 1636 1179 1727 his,
1246 1706 1252 1731 Δ.

103 1774 264 1851 quorum
297 1755 439 1827 notitia·
461 1749 567 1823 nulla
599 1749 648 1824 ad
673 1773 743 1824 nos
775 1754 964 1848 pervenit,
987 1757 1034 1827 -si
1059 1757 1177 1853 ipsius

109 1873 305 1947 Strabonis
340 1869 484 1967 judicio
515 1870 606 1945 hacc
637 1871 712 1944 illis
749 1870 984 1945 dissentanea
1015 1887 1104 1951 suut
1141 1887 1180 1948 et

108 1991 363 2067 insociabilisl
386 1991 515 2088 ltaque
540 1993 643 2064 etin
668 1990 845 2067 hocloco
871 2005 910 2066 ct
931 1995 974 2067 in
1000 1998 1103 2069 omni
1124 1997 1179 2069 fa·
1289 1980 1291 1985 ’

107 2113 262 2208 bulosae
295 2112 524 2209 antiquitatis
558 2114 773 2210 quaestione
806 2114 877 2188 hoc
902 2136 1017 2189 unum
1043 2119 1101 2211 egi
1126 2129 1179 2205 ut,

79 2282 81 2286 -
108 2256 205 2332 quac
236 2232 481 2308 aratoribus
513 2231 653 2305 tradita
678 2245 818 2323 essent,
843 2233 1006 2332 undique
1032 2237 1178 2331 collige·
1255 2236 1261 2244 ’

108 2377 186 2427 rem
218 2374 295 2427 non
327 2362 502 2451 tanquam
537 2351 675 2446 arbiter
707 2352 775 2425 sed
800 2365 843 2427 ut
865 2353 961 2427 fidus
986 2356 1179 2454 mterpres‚

110 2476 192 2548 veri
249 2472 407 2570 falsique
434 2475 760 2559 *constitutionem
812 2472 1013 2571 optabilem
1061 2477 1179 2570 magis

110 2604 221 2690 quam
260 2594 554 2693 impetrabilem,
600 2595 735 2689 cogniti
775 2605 900 2667 autern
934 2606 973 2668 at
1004 2596 1181 2690 incogniti

106 2712 383 2788 distinctionem
402 2714 616 2790 nouaclum
638 2712 882 2788 necessariam
906 2712 971 2786 sed
991 2716 1105 2788 etiam
1125 2716 1180 2788 fa·
1260 2746 1269 2765 x

112 2834 217 2907 edem
251 2856 332 2907 csse
364 2847 478 2908 ratus.
536 2835 667 2932 anue
692 2835 906 2907 testimonia
930 2835 984 2905 sic
1008 2837 1048 2906 in
1073 2833 1180 2908 brevi

110 2964 307 3051 conspectu
333 2956 514 3030 collocavi
538 2966 581 3025 ut
606 2955 751 3029 novitia
782 2952 829 3024 ab
864 2953 1044 3047 antiquis,
1081 2938 1181 3025 certa

112 3074 289 3148 ammus
321 3072 430 3146 certis
462 3070 571 3143 facile
603 3072 779 3167 distingui
813 3072 968 3168 possint.
1018 3069 1095 3144 Nec
1119 3094 1180 3145 me

112 3195 203 3268 latet
227 3195 323 3268 hanc
346 3194 388 3265 in
412 3191 618 3285 colligenda
642 3194 800 3271 materia
825 3189 1054 3287 diligentiam
1078 3204 1116 3265 ct
1139 3193 1180 3265 in

113 3314 319 3389 ordinanda
357 3313 628 3386 accurationem
668 3334 692 3385 a
731 3311 919 3385 nonnullis
958 3334 1181 3410 magnopere
1241 3362 1243 3365 .

5 3428 7 3517 l
108 3436 332 3531 improbari,
364 3434 428 3532 qui
460 3432 716 3531 antiquitatem
748 3454 879 3511 nonne
904 3433 1056 3527 singulis
1080 3434 1181 3508 voci-

114 3553 183 3626 bus
215 3555 281 3628 sed
314 3578 360 3629 ex
393 3555 568 3629 universo
603 3555 709 3651 quasi
734 3576 858 3627 rerum
883 3565 1061 3627 concentu
1082 3551 1183 3648 judi·

114 3675 190 3748 cari
222 3675 370 3765 voluut;
407 3675 519 3773 idque
550 3676 604 3748 sic
636 3685 776 3747 temere
810 3672 1043 3747 audientibus
1074 3672 1183 3745 lacile

114 3791 349 3894 persuadent.
374 3793 468 3869 Nam
489 3795 582 3869 nihil
601 3794 704 3868 aliud
725 3793 846 3866 dicere
865 3792 1040 3867 videntur
1059 3813 1182 3888 quam,

117 3911 216 4013 quod
249 3914 330 4009 jam
372 3913 435 3987 diu
477 3939 545 4013 pro
580 3927 678 3989 certo
713 3894 853 4002 valuit,
889 3913 1182 3985 literatissimum
1220 3900 1222 3907 ’

117 4056 298 4133 quemquo
346 4035 527 4132 optimum
576 4059 657 4111 esse
696 4034 895 4110 vetustatis
932 4035 1182 4130 interpretem.

826 4206 830 4215 ·
883 4153 982 4227 32*
