2925 4684
549 226 817 281 oururcs.
894 188 896 193 ’
1138 219 1216 292 867

134 368 350 486 'inchoatum
374 403 458 452 esse
476 380 611 476 primis,
637 382 701 476 qui
719 405 832 478 quum
848 386 901 458 ita
915 398 1128 481 statuerent,
1152 416 1212 465 re·

136 523 218 573 rum
246 499 436 573 vocabula
458 499 641 571 naturalia
667 522 747 573 esse
773 517 812 576 et
838 528 883 577 ex
909 509 1066 581 vmitate
1092 509 1212 602 ducta,

137 641 370 715 consequens
394 632 469 691 eret
493 629 546 706 ut,
574 640 648 716 qua
673 619 721 692 de
747 645 859 698 eausa
885 627 1125 725 quidqueita
1146 655 1213 730 ap·

136 740 345 836 pelleretur
376 740 554 836 explicata
588 742 752 813 nominis
786 746 925 838 origine
950 749 1102 844 planum
1128 753 1211 826 red·

138 859 233 931 dere
259 871 483 932 conarentur..
524 861 623 954 Ergo
651 882 784 959 corpus
802 863 1010 941 humanum
1037 884 1210 968 corrupto

56 1056 58 1061 ,
139 1001 235 1050 sono
268 989 374 1079 σῶμα
404 979 478 1053 diei
514 981 729 1069 voluerunt,
766 984 865 1080 quod
892 1001 990 1060 esset
1014 993 1130 1062 animi
1154 1014 1210 1065 se·

136 1099 234 1196 pulti
259 1102 363 1196 quasi
388 1110 509 1198 σῆμα,
538 1100 700 1174 nouam
726 1116 850 1176 autem
877 1107 924 1179 ab
951 1131 996 1179 eo
1022 1108 1122 1206 quod
1148 1120 1210 1187 to-

133 1219 202 1315 ξὴν
228 1217 293 1296 ide
317 1214 482 1292 mitteret
508 1232 544 1292 et
570 1235 691 1295 cetera
716 1223 939 1318 hujusmodi.
990 1227 1085 1319 Sed,
1120 1252 1209 1327 quo·

134 1342 234 1412 niam
264 1337 412 1411 difficile
438 1351 517 1413 erat
544 1344 708 1414 omnium
735 1343 933 1418 verborum
955 1347 1077 1421 dicere
1095 1353 1209 1422 ratio-

135 1483 220 1549 nes,
257 1457 430 1553 cratylus
454 1461 520 1533 ille
545 1461 826 1556 Pythagoricus,
860 1488 969 1560 quem
995 1467 1099 1540 Plato
1126 1493 1209 1565 per·

135 1582 300 1675 stringit,
333 1582 573 1677 potissimum
598 1581 749 1656 divinoe
774 1583 922 1655 dialecti
947 1586 1208 1681 speciminibus

137 1703 278 1782 insistit
303 1701 349 1773 ah
374 1700 539 1774 Homero
565 1702 737 1798 proditis,
763 1702 863 1797 quod
888 1706 1027 1775 nemini
1053 1702 1207 1778 dubium

140 1841 222 1891 esse
249 1823 374 1915 possit,
401 1822 491 1894 deos
517 1822 730 1895 nominibus
757 1825 813 1895 uti
838 1824 896 1911 iis,
924 1846 1019 1920 quae
1047 1818 1208 1898 maxime

141 1941 219 2011 sint
255 1942 440 2039 cujusque·
464 1946 519 2015 rei
561 1945 732 2040 propria,
776 1966 943 2041 quaeque
984 1947 1128 2041 optima
1171 1957 1208 2019 et

137 2064 462 2156 praestantissima.
487 2062 616 2159 Neque
641 2066 805 2139 novitios
832 2064 994 2153 demum,
1020 2077 1062 2137 ut
1080 2065 1208 2141 Aetius

137 2190 261 2285 putat,
287 2182 554 2276 Pythagoreos,
581 2206 604 2256 a
630 2183 784 2258 deorum
810 2176 967 2257 dialecto
994 2199 1207 2279 argumenta

139 2288 289 2374 duxere
321 2304 382 2378 vel
416 2300 636 2397 Pherecydis
670 2306 884 2379 testimonio
911 2316 1072 2393 constat,
1091 2328 1208 2402 quem

139 2419 327 2516 Diogenes
359 2423 497 2497 dixisse
529 2424 641 2496 refert
674 2426 731 2500 ὅτι
758 2429 793 2502 οἱ
817 2426 903 2501 θεοὶ
926 2424 996 2522 τὴν
1020 2422 1208 2525 τράπεζαν

137 2543 298 2640 θυωρὸν
330 2553 494 2619 καλοῦσι.
555 2544 616 2616 De
631 2528 635 2537 ’
649 2568 722 2641 quo
755 2544 913 2642 probare
946 2567 1020 2616 non
1054 2568 1207 2641 possum
1324 2624 1326 2631 y

59 2693 63 2701 ·
141 2659 242 2755 quod
267 2661 435 2737 Sturzius
461 2665 619 2759 scripsit,
643 2664 857 2760 philosophi
881 2663 1100 2736 sententiam
1126 2687 1207 2759 per·

140 2801 252 2874 verse
273 2794 460 2879 acceptam
487 2806 576 2873 esse,
603 2806 761 2878 eumque
785 2805 860 2855 non
887 2780 1088 2878 quamlibet
1106 2802 1208 2852 men-

136 2921 220 2980 sam
253 2904 404 2975 nomine
435 2903 589 3001 θυωρός
619 2903 820 2995 significare
854 2901 1021 2973 voluisse
1051 2899 1117 2973 sed
1144 2921 1207 2970 an-

138 3019 298 3095 clahrem
325 3021 429 3095 Pher.
455 3022 516 3095 Fr.
542 3046 579 3118 p.
605 3021 666 3093 89.
693 3026 744 3116 (p.
771 3020 848 3116 83.)
873 3019 968 3092 Nam
994 3019 1065 3090 hoc
1084 3027 1206 3092 sumto

22 3158 23 3161 ’
78 3218 83 3231 ,
136 3136 284 3214 nullum
317 3136 438 3216 divini
468 3155 516 3215 et.
537 3143 692 3215 humani
723 3142 904 3213 sermonis
930 3139 1125 3213 discrimen
1151 3163 1207 3210 re·

141 3261 331 3359 linquitur,
357 3285 469 3359 quum
493 3259 647 3364 doopdc
671 3265 711 3337 iu
737 3261 880 3355 vulgari
898 3281 1043 3358 quoque
1056 3282 1207 3334 consue-

139 3444 235 3500 Glauci
252 3452 338 3501 'autem
355 3450 437 3501 herba
454 3449 542 3502 divine
559 3439 645 3505 tantus
663 3458 703 3501 est
720 3448 853 3502 auctorum
878 3466 1014 3501 consensus
1037 3457 1066 3500 ut
1089 3447 1131 3499 vel
1156 3445 1206 3497 hoe

141 3518 336 3570 aestimantibus
353 3518 480 3589 appareat
502 3520 642 3588 rejicienda
666 3537 723 3571 esse
747 3537 814 3589 quae
839 3519 926 3572 Schol.
950 3520 1018 3571 Plet.
1044 3536 1070 3586 p.
1088 3516 1147 3569 sel.
1172 3515 1206 3568 de

139 3589 214 3639 fonte
229 3589 432 3643 immortalitatis
449 3599 553 3655 narrat3
578 3589 661 3658 neque
678 3590 723 3640 illa
745 3608 830 3642 annua
851 3591 963 3649 lamenta
987 3587 1099 3656 antiquie
1117 3587 1204 3636 Grae·

141 3657 182 3708 cis
206 3660 327 3712 exaudita
349 3661 430 3713 furiose
455 3662 576 3714 arbitror.
620 3659 742 3712 Ueterum
756 3681 759 3689 ¹
773 3661 805 3713 de
831 3661 957 3728 Polyido,
985 3659 1103 3719 Glauco,
1133 3652 1205 3739 Tplo

141 3727 264 3781 Maeonio
281 3731 372 3782 tabule
390 3731 493 3796 eadem3
512 3730 743 3801 Tylinnsdicinsm
761 3732 869 3783 Nonnne
881 3731 963 3782 XXV.
981 3728 1040 3780 526.
1070 3730 1137 3784 Διος
1152 3738 1206 3805 ow:

137 3802 194 3856 θος
210 3804 298 3866 sicat,
323 3801 455 3855 Xedthuun
471 3803 573 3870 Lydum
591 3818 713 3869 monens,
738 3807 784 3856 ut,
810 3809 865 3853 stet
883 3819 898 3852 e
915 3801 983 3852 Plio.
1006 3797 1089 3849 XXV.
1113 3793 1138 3845 5.
1161 3793 1207 3844 ahi

137 3869 223 3920 herbe
241 3870 329 3924 helie
348 3870 448 3940 (Etym.
467 3874 505 3926 M.
524 3873 585 3926 teo.
600 3871 658 3940 38.)
675 3872 751 3922 homo
769 3819 903 3938 'lPhylon
920 3869 1071 3921 nominetur.
1099 3863 1206 3949 ¹Eiudem

135 3940 251 3992 fortasse
274 3950 315 3994 est
344 3941 475 3996 Baara's
499 3943 649 4012 prodigiosa
672 3942 767 4011 plenta»
785 3959 852 4009 quae
875 3939 1008 3994 daemonis
1031 3935 1139 4006 expellit
1162 3934 1206 3989 Jo-
1267 3997 1272 4000 ³

136 4010 210 4079 seph.
228 4011 295 4064 Bell.
314 4011 374 4064 lud.
392 4013 452 4065 VH.
471 4014 497 4066 6.
512 4012 537 4066 8.
