2925 4684
442 223 445 230 ’
545 233 813 288 ORPHIOA.
1134 225 1210 297 877

143 413 217 465 uun
258 392 412 468 diversa
452 389 598 465 videtur
635 385 901 490 προςωπὸῦττα
937 395 1087 496 ἀγγεῖον
1116 408 1209 491 χαλ-

142 497 253 602 actv,
306 517 347 589 ἐν
384 505 416 610 ᾧ
445 512 492 586 τὰ
524 495 602 610 ispci
637 513 801 609 ἔπεμπον
833 509 994 604 Hesych.
1030 535 1098 608 pro
1135 539 1208 613 quo

142 647 257 727 quum
290 630 498 723 Hesychius
529 629 771 704 substitueret
802 632 950 710 ἕπεττον
986 631 1140 707 Emend.
1168 636 1209 710 Τ.

141 749 220 822 lVe·
240 774 278 846 p.
312 750 396 823 282.
427 749 681 824 demonstrare
718 748 895 839 debebat,
928 757 1087 848 speciem
1113 759 1210 852 ejm-

139 867 269 957 modi,
296 869 436 965 qualem
462 892 600 942 numen
625 879 891 968 προςααιοῦττα
916 871 1095 963 declarat,
1127 881 1210 951 vasi

140 989 353 1086 coquinarie
378 991 505 1085 petius
530 1011 639 1086 quam
667 989 872 1063 conditorio
899 997 1104 1067 convenire.
1139 996 1210 1069 Ve-

141 1131 225 1181 rum
264 1107 312 1179 de
349 1109 420 1182 hcc
452 1131 584 1203 genere
615 1108 882 1183 vocabulorum
914 1116 1022 1202 satis3
1060 1116 1099 1186 in
1137 1139 1209 1214 qun

142 1230 284 1302 nullum
310 1240 432 1318 extat,
459 1227 559 1327 qued
584 1228 818 1302 obscuritatis
844 1231 1075 1307 adhibendae
1100 1233 1209 1311 causa

139 1359 329 1446 repertum
372 1348 553 1425 videatur.
618 1349 713 1424 Nam
742 1343 841 1423 'sicut
874 1355 1039 1426 emnium
1075 1359 1210 1430 artium

139 1485 227 1544 sunt
259 1470 440 1568 quaedam
477 1471 630 1567 propria
655 1469 825 1559 numina,
850 1494 943 1568 quae
968 1472 1136 1548 homiues
1162 1476 1211 1547 de

140 1592 267 1666 schola
291 1585 440 1690 ῥήματα
461 1588 611 1688 τεχνικοί
636 1598 789 1678 vocant,
823 1590 947 1685 qualia
971 1593 1091 1664 muita
1116 1595 1210 1693 alip-

23 1731 26 1740 “
142 1716 211 1800 tis,
237 1712 393 1800 clinicis,
418 1710 633 1798 metallicis,
659 1709 801 1781 tacticis
827 1720 865 1782 et
889 1702 1118 1805 palaestricis
1138 1713 1210 1786 fre-

145 1843 321 1929 quentata
357 1830 565 1925 Hesychius
604 1842 642 1902 et
681 1828 814 1901 Pollux
853 1828 1116 1921 adnumerant,
1157 1835 1211 1907 ita

149 1954 261 2025 etiam
294 1953 409 2025 auctis
442 1951 561 2025 cultus
594 1948 803 2022 sacrificalis
836 1951 1108 2043 instrumentis,
1159 1955 1210 2044 hi,

143 2093 258 2172 penes
290 2095 382 2170 ques
408 2094 535 2145 aarum
559 2092 692 2143 rerum.
709 2067 983 2145 administratio
1010 2084 1107 2162 erat,
1141 2097 1209 2148 suu

138 2196 224 2290 jure
255 2195 464 2269 asciverunt
495 2190 678 2268 vocabula
711 2191 793 2268 aliis
817 2193 1020 2289 incognita,
1041 2215 1210 2269 neeessa-

142 2318 200 2390 ria
225 2312 307 2389 sibi.

67 2503 97 2578 μ
390 2571 394 2580 .
563 2543 568 2549 .

605 2590 637 2688 t·
692 2589 749 2686 10-
898 2569 902 2584 ’

212 2775 215 2783 ’
247 2796 344 2871 Huic
377 2819 423 2869 ex
454 2796 613 2872 adverse
645 2817 795 2891 punamv
816 2794 919 2868 atiud
943 2816 1073 2889 genus,
1110 2793 1211 2889 qued
1356 2817 1362 2832 ·

137 2919 299 3017 propius
335 2916 385 2989 ad
417 2914 698 2992 similitudinem
731 2914 832 2987 illius
856 2917 1036 3008 mysticae
1063 2912 1215 2985 dialecti

142 3040 284 3133 vergit,
310 3038 449 3134 quippe
473 3058 548 3109 nen
574 3045 652 3106 tam
678 3034 906 3106 necessitatis
932 3052 1042 3106 causa
1067 3031 1211 3107 adhibi·

143 3171 244 3245 tum,
276 3179 387 3254 quam
421 3157 644 3229 extrinsecus
669 3154 904 3243 arcessitum,
940 3155 1076 3251 partim
1103 3151 1210 3229 decc

142 3280 194 3351 ris
221 3291 259 3350 et
284 3276 534 3371 semnelegiae
557 3274 707 3364 studio,
733 3274 870 3371 partim
893 3271 944 3347 ad
970 3271 1213 3354 devitandum

145 3397 259 3471 verba
284 3395 466 3469 obscoena
490 3396 658 3493 maleque
675 3396 849 3472 ominata
874 3394 1106 3492 Epiphanius
1124 3393 1209 3469 adv.

144 3515 256 3616 Hacr.
290 3515 331 3588 la
362 3518 409 3589 Π.
441 3516 528 3589 485.
562 3515 604 3589 Τ.
639 3516 685 3590 Π.
717 3516 843 3592 Petav.
875 3515 943 3601 τὰς
970 3516 1085 3614 χολὰς
1118 3524 1210 3618 γλυ-

16 3729 18 3746 ι
147 3636 243 3721 xriste
268 3636 364 3737 φασὶ
387 3637 450 3712 καὶ
474 3637 517 3712 τὸ
544 3637 627 3722 ὅξος
651 3637 732 3735 μέλι
755 3634 853 3734 τινὲς
876 3633 1124 3733 ἐπωνόμασαν
1146 3634 1210 3710 καὶ

145 3756 214 3840 τὰς
233 3754 423 3855 'Epicurius
447 3756 676 3857 Εὐμενίδας,
701 3778 769 3852 per
794 3755 1021 3854 antiphrasin
1048 3747 1207 3849 quidem,

143 3883 188 3946 ut
212 3874 386 3949 Helladis
410 3874 532 3973 placet
556 3898 592 3972 p.
618 3873 705 3948 847.
729 3875 812 3950 sive
837 3873 1141 3972 euphemismnm,
1167 3880 1209 3943 ut

143 3992 266 4068 Scheh
293 3994 372 4069 Nic.
399 3993 505 4068 Ther.
533 3992 617 4070 594.
650 3995 719 4092 τὴν
740 3993 855 4093 χολὴν
879 3998 1053 4096 γλυκεῖαν
1078 3991 1141 4067 καὶ
1164 3963 1241 4066 τὸθ
