2925 4684
505 215 845 331 sruorunrorr.
1002 227 1005 230 ¹
1113 253 1258 338 1341'

5 455 33 507 ιι
139 432 260 509 multa
286 428 481 502 disserunt.
525 425 652 521 Etym
671 428 723 501 M
749 428 892 555 p.441.
916 434 1084 529 θῆτα
1043 465 1087 510 to
1115 460 1213 513 eror-

9 575 32 628 ι
134 561 241 652 χοῖον
271 548 385 650 παρὰ
406 548 449 625 τὸ
484 546 554 644 τὴν
586 548 697 627 θέσιν
727 560 797 627 τοῦ
831 553 971 638 παντὸς
1000 561 1213 654 μιμεῖσθαι,

6 707 30 754 ,τ
103 771 105 774 ¹
138 677 222 771 ἤτοι
246 680 316 747 τοῦ
345 672 512 770 οὐρανοῦ
538 668 581 744 τὸ
615 669 878 771 κυκλοτιρές”
856 701 942 770 εχον
965 665 1030 750 κάὶ
1053 676 1123 756 τὸν
1149 677 1214 755 6r6

5 833 23 882 ι.
132 795 255 893 μέσον
284 793 402 876 ἄξονα
435 798 482 886 τῇ
512 787 610 864 κατὰ
642 790 685 864 τὸ
718 792 852 889 μέσον
865 803 993 893 μακρᾶ
1017 796 1216 903 ἀνάλογον

142 917 223 1010 ἔχει.
274 910 324 983 Et
356 931 393 1006 p.
426 905 513 979 294.
548 885 610 981 29.
653 916 671 982 6
705 909 749 985 τὸ
787 919 967 1020 στοιχεῖον
1008 915 1110 1015 παρὰ
1145 918 1216 1014 τὴν

143 1035 337 1110 &utmorem
369 1027 440 1123 τὴν
480 1033 533 1113 εἰς
552 1027 689 1126 μέσον
720 1030 785 1105 καὶ
816 1029 886 1128 τὴν
919 1044 1137 1136 κυκλοτερῆ
1170 1038 1214 1113 τὸ

6 1194 21 1257 '.
141 1153 212 1254 μὲν
245 1152 319 1256 γὰρ
353 1141 569 1247 κοκλὸτερές
601 1146 666 1223 καὶ
700 1148 806 1249 πέριξ
836 1160 905 1227 τοῦ
937 1153 1045 1238 ὄντος
1077 1161 1218 1299 μῑῶνος

6 1294 25 1326 ‘¹
141 1277 308 1371 μιμεῖται
322 1268 382 1345 τὸ
398 1268 539 1364 πέριξ,
580 1261 623 1337 τὸ
661 1259 704 1337 66
738 1269 789 1348 εἷς
821 1271 938 1376 μέσον
968 1269 1117 1369 μακρὸν
1147 1271 1218 1349 τὴν
1297 1337 1300 1340 ,

13 1401 24 1426 ·’
125 1392 336 1466 ,ἐπέκτασιν
360 1393 441 1461 τοῦ
457 1413 480 1459 α
482 1390 612 1469 Mittor,
638 1391 677 1451 et
688 1377 765 1453 id
769 1371 913 1476 generis
939 1381 1013 1459 alia
1039 1410 1085 1459 ex
1110 1389 1218 1472 simi

19 1487 22 1494 ’
141 1508 300 1581 litudine
325 1504 488 1576 nominis
514 1512 553 1573 et
577 1500 715 1594 figurae
741 1502 918 1599 cujusque
949 1505 1080 1578 literae
1112 1531 1218 1606 repe-

143 1631 229 1718 titas
290 1625 324 1696 E
362 1620 628 1696 recentioribus
667 1641 760 1694 vero
794 1610 961 1695 fontibirs
995 1624 1129 1698 hausta
1162 1638 1219 1700 est
1288 1636 1306 1714 j

140 1742 385 1848 Ἑτομολογίοι
401 1741 477 1820 Ιτοῦ
499 1735 766 1840 Ἀλφοιβήτου,
792 1727 1051 1838 Etymologico
1069 1745 1219 1825 Gudia-
1315 1731 1318 1736 ⁵

143 1890 194 1943 no
228 1865 423 1958 subjuncta
454 1883 491 1959 p.
517 1855 605 1932 295.
637 1857 703 1930 ubi
735 1880 872 1932 nomen
904 1862 1048 1937 literae¹
1066 1876 1219 1962 quartae

5 1976 10 1987 ⁶
144 1986 260 2060 Delta
285 1983 431 2055 ducitur
458 2002 481 2050 a
513 1978 628 2055 Aduo
653 1980 674 2055 6
700 1981 874 2080 τέταρτος
900 1983 1060 2083 οὐρανός
1094 1997 1132 2058 et
1165 1988 1219 2060 sio

146 2117 286 2180 cetera:
323 2098 421 2177 266
447 2100 467 2175 6
495 2100 657 2200 ἕβδομος
681 2142 735 2154 -
755 2096 840 2177 ²166
864 2100 1029 2202 τιλεότης
1053 2117 1122 2183 τοῦ
1147 2116 1218 2184 νοῦ
1313 2173 1315 2178 .

145 2221 210 2322 (ob
236 2221 502 2322 perfectionem
530 2217 690 2314 denarii)
715 2228 801 2296 Ka6
827 2221 848 2295 6
876 2220 1013 2322 αἰθήρ,
1046 2223 1141 2323 Λάβ
1173 2227 1218 2301 τὸ
1390 2215 1400 2222 .

146 2343 325 2447 οὐράνιον
357 2348 452 2438 πῦρ.
481 2334 619 2430 Atque
650 2338 743 2405 haec
774 2338 991 2408 literaturae
1023 2342 1221 2433 Etymolo·

147 2467 207 2560 gia
247 2460 419 2534 extremis
455 2456 613 2528 fortasse
653 2451 831 2524 Graeciae
853 2456 1098 2554 ‘temporibus
1135 2481 1220 2534 eon·
1280 2463 1284 2466 ’

148 2584 285 2681 scripta
311 2588 387 2669 est3
419 2574 550 2658 multo
559 2594 656 2649 vero
683 2582 787 2662 ante,
820 2575 968 2670 vigente
1002 2577 1123 2653 adhue
1155 2604 1220 2656 ve·
1298 2585 1302 2592 “

148 2703 237 2776 teris
254 2701 443 2774 doetrinae
465 2696 658 2784 memoria,
683 2693 910 2769 Marcosiani
930 2715 1098 2773 novam
1121 2678 1220 2774 hae·

148 2812 301 2896 re6in
313 2843 367 2895 ex
411 2818 712 2890 Graecorum
740 2813 992 2910 alphabeto
1030 2823 1221 2915 eo'mpo-

147 2952 313 3016 nentes
365 2934 613 3032 negabant
650 2936 911 3009 veritatem
960 2936 1063 3008 sine
1093 2937 1220 3010 ‘illis

148 3084 292 3161 posse
325 3058 487 3131 literis
520 3054 740 3127 inveniri⁴
773 3050 988 3127 'l'ertulliam
1031 3053 1078 3127 de
1111 3056 1221 3130 Prae-

149 3185 273 3280 seript.
300 3203 329 3251 o
356 3172 416 3249 50.
442 3173 488 3247 ef.
513 3173 606 3245 Iren.
632 3172 674 3244 L.
699 3172 728 3263 I.
758 3169 815 3245 12.
843 3170 933 3272 §.6
960 3173 1071 3249 Grab.
1096 3198 1133 3274 p.
1159 3178 1243 3280 7l.'¹

152 3298 299 3374 Cursim
312 3298 405 3370 haee
420 3291 710 3387 transgredimur
731 3292 989 3368 tantummodo
1003 3294 1223 3392 degustandi
1374 3375 1396 3386 ⁷,

153 3443 281 3511 eausa,
307 3419 433 3494 varios
460 3411 627 3510 ejusdem
652 3412 831 3488 stultitiae
855 3413 972 3489 flexus
1000 3428 1038 3492 et
1068 3420 1220 3493 inelina—
1283 3497 1286 3500 ,
1393 3419 1400 3423 ’

153 3539 275 3612 tiones
311 3539 515 3614 accuratius
556 3534 763 3611 discernere
794 3533 1037 3621 fastidientes.
1094 3538 1222 3636 Neque

155 3656 294 3730 diutius
343 3655 624 3732 immorabimur
669 3655 941 3731 Platonicorum
972 3659 1222 3748 tommentis,

156 3799 251 3874 quae
283 3776 458 3851 Proculus
491 3776 606 3849 reiert
638 3775 678 3846 in
711 3772 806 3898 Tim.
840 3776 903 3853 ΠΙ.
940 3774 1026 3849 225.
1061 3799 1112 3874 sq.
1146 3778 1223 3875 pri·

155 3918 261 3969 mum
294 3897 335 3968 in
367 3899 594 3971 sanctissimo
635 3889 788 3967 nomine
810 3893 876 3971 Ἐν
909 3896 1083 3993 spiritum
1116 3917 1223 3994 aspe-

156 4038 241 4090 rum
267 4015 535 4111 significare
495 4044 548 4091 το
573 4018 734 4114 ἄῤῥητον
767 4010 922 4114 ἆσθμα,
956 4014 1124 4090 absidem
1158 4039 1221 4090 au

204 4138 273 4203 ιι
972 4131 1023 4205 36
