2925 4684
488 233 800 291 carmos
1113 216 1191 293 897

81 429 84 436 »
120 395 319 468 utilitatem
355 394 551 467 bominum
590 385 716 460 etad
756 387 1017 464 inculcandum
1056 395 1191 470 animis

120 514 277 588 deorum
302 523 446 586 metum
470 531 513 582 ae
535 508 751 603 religionem
776 510 930 584 iuventa
954 510 1063 586 dicat
1115 514 1193 589 Sed

119 646 248 707 tamen
278 633 405 706 nescio
435 651 483 702 an
514 629 606 701 haec
637 629 679 699 in
702 628 930 702 instituendo
956 633 1069 729 vulgo
1094 638 1192 711 ratio

119 754 171 828 ad
212 751 310 828 iilud
349 750 534 849 piebeJum
574 770 689 843 genus
721 748 1012 847 philosophandi
1041 755 1194 831 inclinet

119 872 225 971 quod
261 894 284 945 a
316 873 397 944 colu
427 871 587 965 lanaque
620 890 758 943 nomen
790 868 1193 973 habet-propriumque

64 981 68 998 ⁸
120 1003 181 1066 est
206 993 386 1065 nutricum
412 1000 598 1076 veterum,
625 1009 721 1084 quae
744 1011 893 1085 pueros,
917 1014 1031 1088 quum
1057 996 1195 1071 cultros

120 1113 324 1199 ventilant,
360 1108 549 1183 dehortari
573 1107 713 1196 soient,
747 1130 801 1180 ne
826 1108 973 1184 bonus
998 1116 1193 1209 angelos

119 1230 397 1332 pungant[¹¹].
450 1228 546 1303 Sunt
570 1249 661 1304 vero
685 1239 835 1323 praeter
860 1230 927 1302 has
952 1235 1194 1309 sententiolas

121 1350 304 1449 quaedam
337 1348 583 1454 Pythagorae
600 1345 699 1420 dicta
718 1350 785 1428 ‚ita
815 1348 995 1423 fabulose
1009 1364 1051 1425 ut
1075 1357 1195 1428 mani·

122 1465 275 1545 festum*
302 1461 356 1542 sit'
384 1490 469 1541 eum
502 1488 580 1539 non
611 1465 744 1539 docere
775 1465 967 1542 audientes
999 1470 1068 1542 sed
1093 1471 1194 1545 oble·

122 1602 223 1664 ctare
257 1588 432 1665 voluisse.
495 1583 614 1674 Quale
655 1597 712 1658 est
744 1584 857 1675 iliud,
902 1587 1003 1684 quod
1041 1588 1195 1665 Alimon

111 1709 294 1806 ,suam[¹]
336 1705 490 1786 Herculi
527 1707 568 1778 in
599 1705 744 1798 Libyae
778 1703 925 1778 deserta
957 1720 1195 1802 penetratum
1233 1727 1234 1736 ¹

124 1851 149 1903 a
174 1826 306 1901 Cerere
331 1827 461 1912 viatici
486 1824 568 1898 loco
594 1823 721 1898 datam
748 1846 828 1897 esse
854 1820 1091 1921 praedicavit·
1108 1831 1196 1904 Por·

124 1949 234 2045 phyr.
265 1971 294 2019 c.
319 1945 493 2020 XXXIV.
519 1944 620 2041 quod
644 1950 762 2042 neque
787 1947 870 2042 ipse
895 1946 1051 2021 credidit
1075 1974 1195 2048 neque

124 2067 173 2141 ab
218 2067 300 2139 aliis
343 2065 442 2162 credi
476 2065 597 2140 voluit
629 2064 696 2137 sed
729 2066 884 2162 poetica*
907 2067 1061 2143 levitate
1091 2071 1193 2161 lusit,

123 2209 218 2285 quae
243 2183 355 2278 hodie
379 2185 469 2257 soiis
495 2183 707 2258 conceditur
739 2188 1066 2278 versificatoribus,
1102 2192 1193 2265 olim
1301 2193 1304 2200 '

6 2337 7 2340 ¹
122 2329 214 2383 vero
249 2305 490 2380 scribentibus
521 2305 731 2401 promiscue
763 2306 1059 2397 condonabatur,
1083 2310 1194 2383 neciti-

124 2449 196 2525 que
244 2426 369 2521 generi
415 2412 731 2523 philosophorum
765 2438 842 2499 tam
881 2427 1087 2502 familiaris·
1114 2429 1194 2503 erat

125 2568 239 2642 quam
270 2545 528 2639 Pythagoreis,
559 2556 757 2643 poetarum
786 2548 827 2620 in
861 2546 1017 2628 dicendo
1050 2550 1192 2624 similli-

123 2665 210 2753 mis,
235 2675 278 2738 ut
301 2665 509 2758 Dionysius
534 2665 588 2739 ait
612 2668 666 2742 in·
679 2663 785 2741 Ceus.
803 2667 866 2740 IV.
891 2668 998 2759 430„
1024 2680 1063 2742 et
1087 2688 1190 2764 grau·

126 2782 296 2881 diloquis.

587 3093 624 3200 s.
679 3093 736 3172 15.

228 3297 303 3371 Sed
336 3321 410 3397 quo
434 3302 578 3397 longius
604 3305 643 3376 in
668 3305 738 3377 hac
760 3302 833 3379 vic‘
848 3303 1120 3403 progredimur,
1146 3332 1191 3382 eo
1247 3293 1251 3304 ’

124 3418 250 3514 plures
298 3415 461 3518 undique
498 3424 679 3515 mysticae
725 3423 915 3500 doctrinae
954 3429 1192 3524 scaturigines

126 3539 297 3611 emicant
355 3539 452 3614 Nam
484 3543 580 3613 inter
607 3542 692 3644 alia
717 3550 909 3624 sanctioris
941 3551 1042 3624 vitae
1075 3545 1193 3626 officia

86 3653 88 3656 ’
128 3656 244 3731 etiam
271 3657 342 3731 hoc
375 3683 399 3733 a
430 3660 642 3756 Pythagora
669 3661 905 3763 praeceptum
939 3669 1091 3763 legimus
1117 3658 1191 3766 sigss

198 3893 246 3969 ft]
270 3902 303 3955 V.
321 3891 506 3973 Wyttenbncls.
525 3904 559 3959 ad
576 3905 646 3960 Plut.
664 3891 737 3974 Sept
756 3908 819 3978 Sep.
838 3910 919 3964 Conv.
936 3913 963 3981 ρ’.
980 3905 1052 3963 968.ἱ

195 4018 241 4088 [¹]
269 4021 311 4075 Cf.
330 4023 464 4078 Plutarch.
483 4025 592 4088 Quaem
610 4024 683 4079 Rom.
708 4013 730 4078 c.
748 4027 791 4080 Ἀ
1073 4053 1074 4056 ,

107 4137 113 4144 ·
176 4107 213 4171 Π.
851 4121 857 4135 ι
970 4119 996 4188 8
