2925 4684
527 280 863 338 sinorusncm.
1108 270 1219 346 «1289
1276 238 1280 249 ¹
1316 363 1319 368 .

147 440 293 525 infabre
325 438 509 538 sculptum
533 438 678 513 idolum
702 439 927 537 reperiatur,
958 434 1061 536 cujus
1086 440 1219 542 adspe-

147 575 219 635 ctu.
240 559 390 633 barbari
422 559 580 633 cultores
611 581 688 632 non
719 558 918 657 aliquando
936 610 939 615 -
957 560 1007 635 ad
1040 563 1219 660 virtutem

146 665 389 759 affectandam
416 680 567 753 excitari
591 683 746 779 possint
762 730 764 733 v
779 680 978 754 Postremo
996 684 1029 755 si
1054 684 1135 780 quis
1158 706 1220 757 me

98 848 102 853 »
147 805 366 895 interroget,
398 821 511 897 qnam
530 799 608 872 ille
632 823 736 875 sacra
769 800 969 875 habuerint
996 802 1219 878 celebritatis

147 944 318 1010 causam,
350 919 634 1014 nihilomagis,
660 920 760 1018 quod
773 919 1218 1019 ¹respondenmfhabeho

147 1041 333 1138 quamsi
369 1041 449 1138 quis
482 1050 634 1137 quaerat
667 1064 740 1114 eur·
762 1040 931 1116 homines
963 1043 1144 1139 religiosi.
1162 1055 1221 1119 tot

148 1163 267 1234 marla
297 1183 341 1233 ac
374 1171 490 1234 terras
523 1162 802 1259 permeaverint
821 1174 864 1234 ut
886 1161 1039 1250 Herculi
1065 1163 1220 1239 Gadita-

148 1276 252 1379 no[‘¹]
281 1281 342 1355 vel
369 1279 493 1355 Cereri
507 1274 683 1387 'Ennensi
709 1280 772 1356 vel
797 1279 889 1355 deae
905 1281 1216 1384 Pessinuntiae[†]

149 1403 399 1500 supplicarent
423 1412 648 1497 praesentes.
698 1399 809 1474 'Nihil
834 1403 933 1474 enim
960 1414 1038 1476 tam
1063 1404 1219 1478 arbitra·
1273 1433 1275 1438 ·

149 1525 247 1596 rium
280 1534 317 1594 et
337 1521 623 1595 ··inaestimabile
656 1531 713 1593 est
745 1542 856 1617 quam
888 1521 988 1595 fama
1014 1523 1219 1620 popularis,

150 1664 246 1741 quae
262 1642 373 1717 levis
404 1664 517 1715 aurae
548 1642 670 1715 afflatu
701 1642 854 1714 incitata
885 1643 926 1714 in
945 1664 1069 1739 ‚quam
1104 1644 1220 1715 semel

148 1762 341 1836 inelinavit
372 1773 516 1858 partem
550 1783 659 1835 coeca
682 1763 725 1837 vi
749 1761 981 1858 propellitur.
1020 1761 1139 1835 ¹Alius
1164 1764 1221 1837 vi·

149 1879 286 1954 sendae
310 1881 539 1977 antiquitatis
565 1901 677 1974 causa
700 1880 791 1952 illuc
814 1880 1002 1979 proiectus
1027 1897 1096 1971 est,
1122 1883 1218 1956 alius

151 2012 193 2074 ut
230 2011 362 2097 votum
399 2000 579 2105 solveret,
617 2001 713 2074 alius
746 1999 795 2073 ad
826 1988 1049 2099 placandum
1076 2024 1221 2092 numen
1268 2082 1270 2085 ,

149 2121 285 2195 scelere
316 2120 518 2212 violatum,
551 2121 722 2195 omnihus
755 2131 959 2218 procerte
978 2123 1096 2208 ,stetit
1127 2123 1221 2197 iaci-

147 2242 223 2315 lius
258 2239 479 2314 acdeorum
503 2244 660 2336 gretiam
685 2240 1081 2337 consequuturosesse
1105 2247 1139 2316 si
1169 2244 1220 2319 ad

28 2418 31 2423 .
146 2362 334 2458 principes
365 2383 503 2438 ,eorum
521 2362 525 2368 ’
543 2382 626 2433 aras
664 2361 937 2434 sacrificassent.
1002 2361 1131 2459 ltaque
1170 2387 1220 2437 ne

148 2481 239 2554 haec
277 2479 424 2578 quidem
461 2481 557 2555 sacri
596 2467 841 2570 Samothracii
880 2478 1073 2565 celebritas
1113 2481 1253 2579 argu-⁴

150 2611 315 2675 mentum
340 2601 505 2700 praebet,
531 2622 614 2703 cnm
637 2601 795 2674 initiatis
820 2600 935 2674 ullam
948 2600 1219 2701 'philosophiae

6 2818 11 2823 ⁶
146 2731 217 2795 ‚aut
250 2721 391 2796 ethicae
423 2733 489 2796 ant
518 2719 695 2817 physicae
734 2730 881 2816 partem
912 2725 1219 2798 communicatem

150 2864 241 2916 esse.
289 2842 425 2952 ‘Neque
455 2842 495 2914 in
527 2839 659 2919 ritibus
692 2840 786 2936 ipsis
812 2840 1013 2938 quidquam
1036 2843 1221 2938 reperitur

20 3026 24 3027 ν
149 2961 249 3062 quod
281 2962 376 3036 hanc
408 2960 621 3056 opinionem
647 2959 848 3031 confirmo„
879 2959 1063 3031 Primum
1089 2961 1220 3034 mulie-
1304 2960 1307 2966 '

148 3107 208 3158 res
243 3083 395 3167 horum
410 3078 824 3167 secretorumconscias
849 3077 965 3152 factas
981 3100 1072 3152 :esse
1098 3104 1220 3154 exem-

147 3205 214 3302 plo
245 3212 332 3276 sunt
365 3197 561 3296 Olympias
594 3205 633 3267 et
662 3194 891 3289 Harmonia,
925 3215 1082 3297 quarum
1114 3201 1219 3276 illam

149 3324 342 3421 Philippus
389 3319 485 3392 hanc
531 3315 693 3391 Cadmus
743 3316 863 3392 Schol.
905 3320 1066 3394 Phoenn.
1104 3345 1142 3398 v.
1172 3324 1219 3401 ,7.

150 3454 316 3540 tempore
341 3438 602 3535 mysteriorum
628 3437 700 3511 sibi
718 3439 932 3513 conciliasse
947 3438 1093 3543 dieitur,
1118 3440 1220 3545 quod
1268 3438 1269 3441 ’
1308 3517 1310 3519 ,

152 3562 224 3634 nisi
263 3562 435 3660 imperite
474 3560 597 3632 lictum
631 3567 688 3632 est
695 3610 707 3649 ‚
749 3559 911 3634 ostendit
943 3574 1040 3638 certe
1073 3565 1219 3660 utrique

225 3809 271 3880 [ὓ]
297 3809 386 3881 Pomp.
404 3813 543 3868 Melam.
560 3813 586 3866 6.
605 3812 629 3867 1.
648 3802 701 3867 not.

226 3916 265 3985 [l]
295 3914 352 3969 05⁰·
370 3915 403 3967 <le
419 3916 523 3988 herurp.
540 3935 616 3989 resp„
626 3935 648 3971 c.
665 3915 742 3970 XIII.
766 3917 884 3970 Lucilius
900 3917 987 3970 Aetne
1003 3913 1063 3970 563.

306 3984 463 4053 Magnificus
480 3988 558 4040 ceder
575 4003 736 4060 operoseque
752 3987 837 4040 risere
853 3986 950 4057 temple

304 4055 447 4124 trajicimur
464 4058 545 4111 meris
562 4075 594 4112 se
610 4065 704 4112 terras.
