2925 4684
530 163 836 252 cucuron.¹
1131 180 1205 258 aul
1261 221 1264 228 ·
1341 191 1344 200 *

129 348 286 450 Ὀρφεὺς
309 345 533 453 μετήνεγκεν
558 355 610 442 ela
633 348 705 445 τὴν
725 346 883 427 Ἑλλάδα
903 349 1036 451 φωνὴν
1054 353 1206 442 καὶτὰς
1244 405 1247 414 s

130 467 351 572 Δγυπτίων
370 467 527 556 τελετάς.
579 466 684 544 Haec
708 469 773 564 qui
799 481 1030 545 commentus
1056 482 1130 562 est,
1156 474 1204 562 de

131 585 454 664 Sancbuuiathouc
479 599 529 664 ct.
542 584 591 660 de
609 586 760 685 Orpheo
785 588 880 661 nihil
904 591 1066 689 amplius
1084 595 1206 689 cogni-

130 716 211 782 tum
225 706 357 782 habuit
374 730 484 805 quam
503 719 701 805 utrumque
724 706 976 804 Theogoniam
1002 713 1204 809 scripsisse.

94 854 98 859 ’
232 825 317 899 Hae
347 829 457 923 igitur
490 839 578 904 sunt
610 823 858 925 Orpbieorum
889 840 1086 926 poetarum
1118 834 1204 905 reli-

131 946 258 1042 quiae,
284 968 375 1044 quas
399 969 467 1042 ego
493 946 642 1044 quidem
667 947 838 1022 iuvenire
866 951 1073 1046 potuerim,
1103 951 1203 1026 lectu

129 1086 207 1138 uon
230 1064 463 1161 injicuodae,
488 1065 538 1140 ad
562 1068 810 1163 coguitionem
836 1090 926 1142 vero
952 1092 1103 1164 graecae
1120 1094 1204 1165 my⁴

129 1185 317 1281 tlrologiae
349 1187 579 1262 utilissimae.
637 1188 681 1261 In
715 1185 850 1284 quibus
876 1187 1090 1283 colligendis
1104 1191 1203 1266 ,licet

127 1307 287 1382 multum
303 1355 307 1366 ‚
321 1319 456 1406 operae
489 1320 527 1382 et
559 1308 752 1404 temporis¹
766 1308 1049 1397 consumserim,
1075 1320 1202 1382 tamen

127 1425 222 1502 nihil
247 1447 349 1516 esse,
374 1426 476 1525 quod
500 1452 563 1503 mo
588 1426 773 1521 effugerit,
805 1425 906 1500 baud
937 1424 1098 1520 affirm03
1123 1413 1209 1526 pri·¹
1346 1408 1348 1422 ’

126 1567 234 1620 mum
259 1548 347 1643 quia
370 1548 441 1621 hoc
464 1550 559 1622 nulli
584 1569 730 1637 eorum,
757 1548 820 1644 qui
846 1544 1031 1644 dispersas
1045 1547 1200 1646 amisso-

127 1687 213 1738 rum
245 1667 467 1764 scriptorum
499 1667 711 1767 particulas¹
732 1666 973 1761 collegerunt,
1006 1667 1202 1761 contigisse

127 1782 260 1875 video,
293 1797 336 1860 ut
367 1789 493 1861 omnia
525 1787 845 1886 complecteretur3
880 1782 1015 1858 deinde
1037 1797 1202 1884 propter

128 1903 307 1978 librorum
339 1907 526 2005 inopiam,
563 1930 675 2005 quam
700 1909 767 1983 vix
792 1907 956 1981 sentiunt
979 1927 1199 2000 magnarum
1317 1942 1319 1945 ·

129 2012 434 2100 bibliothecarum
458 2028 623 2119 accolae,
655 2050 724 2101 nos
751 2049 841 2103 vero
866 2026 1049 2100 limitanei
1074 2024 1203 2112 ‹loreto-⁴

127 2166 187 2217 res
213 2145 378 2242 quotidie
395 2144 671 2240 indolescimus;
695 2160 885 2246 postremo
902 2144 1003 2243 quod
1018 2158 1199 2220 crescente

126 2265 169 2338 in
203 2262 282 2339 dies
315 2267 621 2343 collectaneorum
653 2269 762 2365 copia
793 2265 894 2341 haud
929 2266 1038 2339 facile
1063 2268 1198 2340 evitari

125 2396 272 2482 potest,
297 2389 493 2483 quominus
518 2387 581 2462 vel
607 2410 652 2461 ex
676 2389 818 2485 paratis
844 2388 969 2484 copiis
992 2387 1198 2484 aliquantu

127 2504 207 2578 lum
237 2503 480 2603 subterfugiat
505 2521 542 2584 et
568 2506 736 2598 elabatur
759 2506 852 2580 mibi
876 2509 1109 2605 praesertim,
1134 2508 1199 2605 qui

127 2624 246 2724 (quod
279 2628 375 2702 inter
407 2649 476 2702 nos
501 2627 786 2726 sitleotligendi
812 2626 961 2701 avidior
985 2649 1109 2724 quam,
1124 2624 1197 2726 ⁰⁰¹⁷

126 2745 306 2822 lectorum
347 2750 525 2822 curiosior
562 2750 649 2824 sim..
703 2744 809 2820 Haeo
840 2748 969 2841 igitur,
1006 2768 1099 2841 quae
1132 2746 1198 2817 vix

126 2868 220 2940 satis
246 2869 368 2942 caveri
393 2880 613 2967 potuerunt,
640 2868 705 2940 alii
730 2869 911 2962 corrigent
934 2866 1060 2963 potius
1086 2885 1198 2960 quam

126 2988 406 3087 reprehendent.
487 2986 629 3062 Justius
677 2986 811 3059 dolebo
858 2987 903 3058 si.
937 3006 1009 3082 qua
1049 3003 1197 3076 eorum,
1325 3039 1342 3066 „

126 3130 222 3206 quae
249 3108 346 3198 dixi,
370 3108 465 3182 falsa
488 3108 730 3206 reperientur
743 3128 819 3179 nou
845 3105 893 3180 ab
917 3107 994 3194 his,
1010 3105 1084 3202 ¹qui
1110 3113 1197 3202 post

126 3251 206 3326 me<
223 3228 382 3304 cundem
413 3229 537 3303 locum
570 3226 697 3304 dedita
729 3250 843 3325 opera
876 3228 1065 3298 tractaturi
1098 3209 1196 3314 sunt,

127 3347 197 3421 sed
228 3371 252 3423 a
282 3349 617 3447 praetereuntibus3
649 3370 877 3447 quanquam,
912 3346 951 3419 si
966 3342 1066 3446 guid
1099 3345 1196 3439 ejus·
1265 3341 1267 3344 ’

126 3466 232 3543 modi
258 3472 496 3545 commissum
520 3468 644 3560 fuerit,
669 3471 773 3564 argui
799 3457 960 3584 arrogetis
985 3487 1096 3564 quam
1110 3487 1197 3561 pro-

126 3592 255 3686 pagari
279 3591 418 3664 malim.
460 3587 632 3664 Ceterum
658 3585 908 3664 consolabitur
970 3585 1106 3658 erecti
1132 3584 1210 3661 vo?

127 3707 270 3798 luntas,
310 3693 499 3790 excusabit
538 3707 813 3808 quodammodo
847 3609 1128 3782 souffio‘mea
1159 3711 1197 3773 et

128 3825 343 3923 adjutorum
368 3835 508 3931 inopia
558 3828 653 3905 Nam
680 3850 774 3927 quae
800 3830 941 3926 priores
967 3827 1007 3897 in
1030 3819 1197 3906 medium

127 3948 304 4040 attulere,
335 3949 539 4025 intricando
565 3950 683 4058 magis
708 3959 795 4022 sunt
821 3950 925 4056 operi
952 3966 1062 4043 quam
1088 3964 1199 4039 expe-

177 4068 223 4141 11.
950 4064 998 4138 12
