2925 4684
469 274 472 280 .
557 231 830 285 etentes.
1146 218 1223 292 941

159 398 317 483 quatuor
356 398 566 460 statuerunt
608 387 828 481 Pythagorei
864 386 1006 462 Vitruv.
1043 391 1087 462 ll.
1121 392 1157 463 2.
1193 393 1224 463 l.
1320 402 1323 408 ’

149 506 294 582 ‚deiude
333 508 600 605 principiorum
634 511 716 582 sive
742 510 878 607 ,ἀρχῶν
909 506 1055 607 (calidi,
1088 510 1224 604 frigidi,
1301 544 1303 550 v

154 625 314 714 humidi,
346 625 457 724 aridi)
490 629 599 701 tertio
632 628 849 716 humorum,
874 650 1029 725 quorum
1054 630 1226 703 similitu-

157 744 305 818 dinibus
332 747 564 844 exquirendis
587 748 748 820 multum
775 769 911 845 operae
937 762 975 820 et
999 748 1138 823 laboris
1157 752 1229 824 im·-

50 917 54 923 -
149 865 331 961 pendunt.
381 865 582 964 Appouarn
613 889 754 965 penes,
787 889 883 964 quae
907 869 1118 965 speciminis
1142 870 1225 946 loro

148 1009 235 1059 esse
271 989 424 1082 possint.
474 987 672 1061 Nemeeius
698 985 746 1059 de
771 986 855 1060 Nat.
881 987 993 1061 Hom.
1020 1013 1049 1061 c.
1075 987 1136 1061 lV.
1161 989 1223 1064 53.
1317 1068 1319 1070 ,

148 1132 191 1204 p.
221 1107 302 1181 145.
330 1107 389 1185 ed.
415 1107 546 1180 Matth.
572 1116 651 1185 πᾶν
676 1117 786 1207 σῶμα
811 1119 890 1186 τῶν
911 1107 1104 1210 τεσσάρων
1121 1135 1223 1187 ,στοι-

147 1230 264 1327 χείων
305 1231 382 1307 ἐστὶ
414 1226 622 1331 σύγκριμα,
655 1238 839 1327 προςεχῶς
871 1228 924 1305 dd
946 1238 1024 1306 τῶν
1050 1226 1222 1330 ἐναίμων

154 1350 263 1443 ζώων
288 1355 328 1426 ἐκ
351 1359 430 1428 τῶν
455 1346 649 1449 τεσσάρων
669 1358 806 1448 χυμῶν
812 1403 825 1438 ,
852 1353 1021 1449 αἳματος,
1057 1352 1223 1454 φλέγμα-

152 1503 234 1559 τος,
268 1476 412 1567 ξανθῆς
443 1493 483 1545 τε
512 1479 625 1566 χολῆς
657 1468 721 1545 καὶ
744 1469 919 1567 μελαίνης
944 1513 996 1528 ·-
1020 1470 1222 1562 Εἲκάζονσι

150 1592 194 1668 dd
218 1600 263 1689 τῇ
279 1589 352 1691 μὲν
371 1601 419 1694 γῇ
444 1592 513 1687 τὴν
538 1592 718 1688 μέλαιναν
739 1591 866 1687 χολὴν,
891 1600 946 1690 τῷ
971 1589 1014 1666 δὲ
1039 1590 1151 1666 ὕδατι
1176 1593 1220 1667 τὰ

150 1713 317 1814 φλέγμα,
342 1720 398 1809 τῷ
423 1710 465 1786 di
491 1710 583 1809 πυρὶ
606 1710 676 1806 τὴν
701 1711 859 1806 ξανθὴν,
870 1708 996 1807 χολήν.
1055 1708 1221 1782 isidorus

151 1832 275 1925 Origg.
302 1830 342 1902 L.
361 1829 423 1903 lV.
443 1829 560 1928 pli).
587 1830 727 1902 Siout
746 1840 953 1926 quatuor
979 1830 1219 1918 elementa,

153 1954 220 2022 sie
253 1961 296 2022 et
328 1927 530 2048 quatuor
562 1951 798 2052 humores,
826 1949 1219 2047 et'unusquisque

150 2073 313 2143 humor
354 2092 487 2143 suum
527 2071 807 2144 elementum
849 2073 1084 2159 imitatur,
1120 2092 1219 2143 sau-

147 2193 255 2287 guis
289 2213 458 2281 aerem,
492 2192 684 2264 cholera
708 2193 880 2286 ignem,
907 2191 1220 2264 melancholia

150 2324 338 2399 terram,
379 2311 593 2407 phlegma
623 2334 798 2409 waquam.
865 2309 1007 2399 Quibus
1036 2309 1217 2383 omnihus

147 2434 420 2530 praetermissis
447 2431 748 2528 Sprengeliusin
773 2432 871 2506 Hist.
897 2428 1028 2502 Medic.
1057 2428 1108 2502 Τ,
1124 2430 1152 2501 Ι.
1179 2453 1215 2525 p.
1347 2524 1350 2526 Α

61 2607 66 2608 ⁷
147 2550 234 2625 253,
261 2552 317 2625 ed.
343 2553 452 2650 prim.
478 2550 704 2625 medicorum
732 2548 971 2624 Chinensium
997 2551 1217 2622 sententiam
1322 2581 1327 2590 2

146 2672 254 2745 alleri
278 2675 413 2768 ignem·
428 2671 530 2744 eordi
555 2684 594 2744 et
619 2673 750 2744 aestati
766 2670 990 2769 respondere
1005 2671 1215 2744 existimen-

149 2794 263 2881 tium‚
304 2794 465 2867 vesicam
505 2792 602 2864 fellis
641 2794 797 2864 aerior
832 2792 911 2863 veri
944 2802 1010 2862 otc.
1046 2811 1144 2885 quae
1175 2800 1215 2860 ut
1269 2856 1276 2878 ,

147 2914 374 3004 Graecorum
406 2913 560 2985 somniis
577 2911 796 3008 ¹persimilis
812 2911 881 2981 ‚ita
897 2908 1127 3005 eSprengelio
1168 2929 1214 2980 ex
1231 2941 1235 2946 ·

146 3036 283 3129 graecis
315 3031 480 3105 fontibus
513 3032 644 3122 hausta
674 3027 858 3105 videntur.
922 3026 997 3101 Sed
1029 3028 1213 3102 inlinitum
1366 3116 1368 3124 y

145 3155 235 3242 erit,
261 3156 295 3225 si
320 3153 465 3241 omnia,
490 3173 585 3249 quae
611 3150 758 3242 Physioi
784 3151 979 3221 oscitantes
998 3147 1213 3222 hallucinati

145 3286 249 3359 sunt,
273 3274 313 3344 in
339 3274 501 3345 rationes
526 3270 662 3344 referre
688 3271 818 3359 velim3
852 3291 975 3366 quare,
989 3270 1134 3342 omissis
1160 3270 1213 3344 le·

147 3394 311 3468 viorihus
337 3392 507 3481 reddam,
542 3390 641 3488 quod
659 3392 775 3487 hujus
801 3391 981 3463 sermonis
1008 3403 1210 3466 extremum

146 3526 201 3587 est
226 3513 274 3586 de
299 3514 380 3607 lyra
406 3510 603 3584 mundane.
685 3503 688 3510 ’

622 3701 654 3799 s.
705 3704 741 3773 7.

241 3811 343 3915 Nota
382 3851 438 3912 est
477 3838 649 3912 omnihus
688 3838 822 3911 Dionis
848 3836 972 3914 'Cassii
1005 3835 1208 3932 disputatio
1282 3849 1284 3884 l

140 3954 331 4032 XXXVll.
362 3960 418 4031 19.
445 3958 492 4031 de
519 3959 661 4033 dierum
688 3957 911 4046 nominibus,
937 3981 1029 4055 qnae
1056 3957 1142 4028 tune
1168 3955 1207 4025 iu
