2925 4684
401 212 443 270 ·,
540 200 813 255 onrnrcn
1137 183 1214 256 ΜΝ

137 359 288 433 mensu.
312 355 422 430 Haec
447 354 598 452 quidem
625 353 673 427 de
689 351 920 452 vCephalione
945 354 1074 444 altero,
1100 378 1209 454 quem

132 479 327 552 Fabricius
355 476 397 549 Τ.
412 473 458 548 Χ.
476 497 513 571 p.
535 475 621 550 701.
648 476 777 572 paucis
797 471 969 550 absolvit
995 474 1124 552 Plures
1143 498 1208 549 au·
1256 565 1262 570 Ι
1371 473 1373 478 ’

133 611 208 674 tem
243 597 353 692 hujus
387 605 509 669 sectae
542 607 710 670 auctores
737 593 786 668 ad
812 596 1066 670 testimonium
1092 598 1207 670 citant

131 716 362 814 Apologetae
395 727 556 806 veteres,
591 714 724 812 quibus
757 713 850 787 nihii
885 713 1087 811 optabilius
1113 718 1205 790 acci-

132 835 222 908 dere
253 846 418 932 poterat,
452 858 563 933 quam
598 834 699 934 quod
733 838 830 908 inter
855 835 1033 932 profanos
1052 843 1205 933 'quoque

130 958 328 1053 scriptores
367 958 572 1052 reperirent
613 978 746 1029 causae
779 978 868 1029 suae
901 968 1099 1054 patronos,
1140 958 1203 1053 qui

132 1073 224 1149 deos
256 1099 301 1148 ex
334 1074 497 1150 humano
529 1098 661 1170 genere
686 1078 726 1149 in
752 1077 895 1150 coelum
922 1077 1121 1151 translatos
1147 1075 1204 1148 di·
1297 1129 1300 1132 -

131 1189 263 1270 cereut.
323 1194 474 1269 Praeter
507 1196 678 1270 Thallum
706 1209 750 1272 ¹et
782 1208 943 1286 ceteros,
990 1219 1082 1295 quos
1118 1196 1203 1269 huie

128 1315 404 1411 subjunximus,
437 1317 657 1414 saepissime
690 1316 847 1390 laudant
886 1313 1099 1392 Cornelium
1128 1316 1202 1392 Ne·

129 1432 517 1533 potemetcassium
541 1437 722 1512 Severum
730 1439 779 1535 [¹]
806 1437 1020 1512 Tertullian.
1041 1437 1200 1536 Apolog.

131 1580 160 1628 c
184 1555 231 1630 X.
249 1556 392 1657 Minue.
417 1557 497 1631 Fel.
525 1581 553 1658 ο.
570 1555 686 1629 XXII
713 1557 881 1631 Lactant
907 1561 934 1632 Ι.
952 1560 1010 1633 13.
1025 1553 1061 1631 8.
1089 1555 1199 1631 Com·

128 1675 254 1772 plures
286 1676 400 1766 aiios,
431 1679 612 1750 incertum
646 1698 719 1774 quo
756 1678 859 1771 jure,
898 1678 970 1751 huc
1001 1688 1201 1771 congerunt

131 1792 303 1867 Clemens
336 1805 375 1867 ot
407 1793 593 1870 Amobius
613 1798 700 1876 JV„
723 1797 793 1875 29..
825 1796 1079 1871 Possumus
1114 1818 1198 1869 om-

130 1934 213 1985 nes
254 1914 392 2005 istos,
421 1937 561 2016 *quos
586 1905 815 1991 inducitis
856 1927 903 1987 et
936 1916 1199 2014 appellatis

130 2031 263 2122 deos,
309 2033 521 2109 homines
569 2036 717 2112 fuisse
764 2036 1084 2112 demonstrare
1125 2036 1199 2111 vel

55 2228 57 2231 Α
129 2149 397 2227 Euhemero
439 2155 679 2260 replicato
707 2157 802 2233 'vel
842 2158 1076 2233 Nicanore
1118 2151 1199 2251 Cy-

128 2275 249 2377 prio,
277 2273 354 2345 vel
394 2273 588 2358 Pellaeo,
625 2277 805 2352 Leonte
851 2280 927 2354 vel
976 2276 1199 2376 Hippone

130 2406 175 2467 et
214 2393 421 2487 Diagora
463 2394 641 2488 Meliis3
704 2421 861 2495 quorum
900 2399 1045 2478 nullum
1089 2397 1199 2474 certis

128 2512 276 2587 indiciis
326 2534 524 2611 coarguere
573 2538 773 2614 possumus
812 2532 961 2619 praeter
999 2518 1199 2607 Leontem,

130 2633 178 2706 de
212 2654 285 2730 quo
318 2631 491 2729 Hyginus
523 2634 623 2709 Astr.
657 2638 703 2709 Π.
737 2640 798 2714 20.
835 2640 978 2729 Leon,
1013 2641 1094 2735 qui
1126 2659 1198 2710 res
1290 2654 1294 2660 ’

129 2753 391 2852 Aegyptias
442 2758 751 2855 conseripsit,
801 2760 888 2849 ait,
939 2780 1073 2857 quum
1121 2758 1198 2829 Li·

128 2874 211 2947 ber
258 2872 523 2971 Aegyptum
570 2888 757 2950 teneret
804 2890 850 2954 et
899 2880 1051 2953 omnia
1098 2878 1198 2974 pri-

128 3015 225 3067 mus
282 2993 552 3068 hominibus
612 2995 881 3070 ostendisse
942 2996 1197 3085 diceretur,

128 3113 427 3188 Hammonem
460 3113 688 3212 quendam
722 3138 775 3188 ex
807 3116 972 3191 Africa
1010 3119 1198 3192 venisse

129 3246 173 3306 et
199 3236 387 3332 peeoris
414 3215 768 3311 multitudinem
794 3235 849 3311 ad
874 3219 1093 3312 Liberum
1126 3235 1198 3309 ad-

199 3489 243 3563 [1]
267 3507 295 3544 v.
312 3490 464 3560 Eiserlrsrdt
479 3491 569 3546 Ueber
585 3493 635 3548 den
658 3494 777 3551 Zostand
800 3496 847 3550 der
871 3494 983 3560 schinen
1007 3492 1197 3550 Wissenschat·

129 3565 173 3611 ten
188 3559 243 3629 bey
258 3559 284 3614 d.
302 3561 417 3616 Rdmern
433 3581 460 3633 p.
480 3563 540 3618 159.
559 3570 587 3618 et
604 3566 706 3620 domum
724 3568 875 3622 Germanici
892 3566 999 3621 editoris
1015 3572 1111 3620 notam.
1147 3564 1197 3616 Se·

212 3629 300 3754 nn
312 3633 1065 3763 amun

129 3770 261 3824 Saruonici
277 3771 345 3825 libro
363 3790 450 3827 rerum
463 3722 656 3829 (deconditarum
673 3783 758 3830 sumta
773 3779 865 3848 'putat3
889 3784 917 3831 et
933 3777 1053 3832 convenit
1070 3771 1197 3826 sentemia

128 3839 191 3893 libri
207 3840 305 3911 elogio.
335 3841 433 3897 Totam
450 3845 635 3914 myffiologium
652 3846 703 3899 hoe
716 3848 793 3900 modo
811 3865 828 3901 a
845 3848 942 3901 &reno
959 3845 1114 3914 explicatam
1131 3859 1197 3907 esse,

127 3927 180 3963 non
200 3910 283 3978 dico,
313 3928 397 3980 neque
421 3913 455 3966 de
478 3917 573 3969 ceteris
595 3916 686 3969 talium
707 3917 948 3988 interpretationum
970 3913 1119 3970 auctoribus
1140 3912 1199 3984 plus

129 3981 268 4052 contendo,
288 3997 363 4053 quem
378 3983 533 4039 testimoniis
549 3985 618 4040 vinei
635 3994 729 4057 potest
