2925 4684
478 216 830 279 ,sinoranaom
1100 203 1210 281 1293

128 375 358 483 mothracios
400 384 439 447 et
478 374 671 447 Romanos
706 372 818 449 fidam
858 373 980 457 facere
1020 374 1232 469 uidentur,¹

131 519 243 596 quam
276 494 411 570 Strabo
437 504 615 591 sequutus
642 491 800 571 Cahiros
824 495 922 571 inter
947 503 1093 569 veteres
1119 496 1208 575 doo-
1320 571 1324 581 ,

129 637 216 691 rum
242 616 421 710 orgiaslas
445 612 583 689 retulit
684 618 692 629 “

230 1007 302 1082 His
318 1007 707 1106 pseudotestimoniis
730 1004 987 1081 inaedificatae
1013 1007 1204 1082 suntillao
1271 1057 1273 1059 -

129 1124 294 1199 infinitae
325 1126 518 1200 hominum
552 1124 1004 1220 doctorumconjeoturae
1031 1126 1078 1199 do
1103 1150 1205 1202 arca-

129 1267 179 1318 na
204 1244 720 1343 Samothracumdlsoiplina
771 1244 867 1320 Nam
894 1269 990 1343 quae
1010 1231 1204 1343 praetcrea

129 1342 330 1439 afferuntur
361 1392 408 1440 ne
441 1366 613 1439 umbram
645 1364 797 1462 quidem
831 1364 1046 1459 dogmatum
1071 1370 1205 1459 mysti-

43 1574 49 1582 ‘
129 1508 257 1561 corum
284 1490 484 1561 continent.
518 1486 709 1585 Apollonii
736 1476 963 1559 scholiastes
982 1499 1110 1558 narrat
1134 1487 1205 1559 ini·

127 1609 229 1680 tiatis
256 1609 396 1683 taenias
423 1628 629 1704 purpureas
655 1629 736 1678 csse
769 1603 945 1695 traditas,
978 1608 1124 1702 quihus
1139 1606 1204 1680 ad-

128 1749 258 1800 versus
292 1728 459 1825 pericula
492 1725 739 1822 navigationis
773 1736 980 1798 tutarentur
1012 1747 1115 1818 sese,
1142 1742 1226 1799 eo⁴⁴

130 1868 201 1942 que
224 1846 413 1943 pracsidio
438 1838 584 1920 Ulixem
611 1856 882 1953 tempestatem,
901 1840 1081 1940 effugisse,
1106 1846 1203 1941 Aga-

127 1988 364 2039 memnonem
379 1961 506 2040 turbas
521 1966 756 2041 seditionum.
781 1966 853 2039 His
868 1965 1203 2040 Sanorueiuscorc
1235 2052 1237 2055 ,
1263 2001 1266 2007 ·

126 2109 213 2160 nam
224 2087 451 2191 oleagineam
461 2081 520 2185 [¹¹],
533 2072 746 2181 Muentorus
756 2072 805 2185 [ἰ]
820 2078 963 2184 pileum
979 2086 1203 2161 desuo‘libe-

126 2208 256 2281 naliter
271 2192 461 2302 adjiciunt,
481 2209 545 2280 ille
559 2207 705 2280 Proculi
719 2209 932 2280 testimonio
950 2228 1050 2295 usus,
1072 2209 1112 2279 in
1127 2230 1201 2305 quo
1238 2220 1240 2225 ’

21 2365 24 2371 ·
128 2325 175 2397 de
201 2325 273 2399 diis
301 2323 564 2400 Samothraciis
597 2327 743 2399 nullum
769 2326 925 2400 verbum
952 2327 1103 2418 legitur,
1130 2327 1201 2417 hic,

128 2447 215 2542 quia
239 2445 360 2545 pileus
385 2459 428 2520 ut
453 2451 618 2521 omnium
644 2436 833 2518 Laconum
861 2449 915 2518 sic
948 2448 1060 2544 etiam
1090 2447 1201 2520 Dios

128 2587 299 2638 curarum
323 2569 465 2663 insigne
489 2577 558 2657 est,
583 2567 758 2640 Dioscuri
784 2578 909 2639 autem
942 2589 968 2651 a¹
990 2569 1201 2641 recentiori-

127 2685 195 2759 bus
229 2709 310 2760 cum
329 2685 481 2762 Gabinis
514 2687 656 2761 confusi
688 2697 796 2759 suns
835 2687 906 2760 His
932 2686 1102 2782 equidem
1127 2689 1201 2759 im-
1314 2766 1318 2769 ,

5 2796 6 2809 ’
72 2858 79 2871 ,
127 2809 266 2880 morari
291 2802 392 2898 nolo,
417 2832 494 2882 non
518 2832 591 2905 quo
616 2808 805 2902 ingeniose
831 2806 930 2878 dicta
956 2828 1036 2877 csse
1057 2829 1199 2899 negem,

125 2926 193 3000 sed
214 2951 263 3000 ne
282 2950 381 3031 nova
412 2929 599 3015 exoriatur
622 2924 832 3020 disputatio
851 2923 898 2996 de
922 2922 1197 3021 Hierophanta-
1277 2972 1278 2975 =
1372 2963 1376 2972 -

124 3071 208 3122 rum
240 3031 459 3121 lectionibus
491 3047 748 3120 astronomicis
755 3068 766 3134 3
807 3065 895 3117 nam
928 3022 1012 3119 illas
1041 3044 1197 3118 obbatas

125 3167 285 3243 cassides
301 3167 656 3265 hemisphaeriorum
684 3163 855 3277 symhola
879 3164 995 3238 luisse
1021 3164 1087 3238 diu
1112 3178 1197 3241 ante
1284 3244 1286 3247 ,
1321 3196 1324 3207 ·

198 3370 242 3443 [¹¹]
268 3373 307 3428 Le
329 3371 518 3442 recipiendane
542 3389 571 3424 ss
593 3371 737 3441 presentoit
760 3347 890 3423 conchas
910 3369 943 3422 de
969 3370 1096 3431 branches
1121 3370 1196 3423 d'oli-

5 3464 6 3467 *
120 3441 184 3497 ¹sicr
207 3443 244 3499 T.
261 3444 284 3497 1.
309 3441 352 3498 53.
375 3443 480 3497 Proculi
503 3442 601 3508 locum,
628 3459 704 3511 quem
720 3441 766 3495 ille
792 3459 809 3493 a
833 3440 949 3493 Meursio
974 3442 1091 3511 accepit,
1117 3457 1196 3512 supra
1297 3458 1301 3465 ¹

125 3511 239 3564 exhibui.
1065 3560 1067 3565 ,

99 3620 101 3623 -
198 3579 238 3650 [ἲ]
267 3583 417 3654 Erklr‘arung
434 3584 506 3637 einer
522 3583 702 3652 griechischen
720 3582 844 3636 Inschrilt
862 3599 888 3650 p.
907 3580 949 3633 17.
970 3581 1015 3649 qui
1031 3584 1102 3632 totus
1119 3580 1195 3631 libel-

126 3650 167 3704 lus
185 3652 296 3720 scriptus
312 3663 353 3707 est
376 3657 410 3707 ad
427 3656 601 3724 probandum,
625 3654 794 3723 Epigramma
817 3652 976 3722 Sponianurn
999 3652 1116 3718 (Jacobs.
1142 3650 1196 3701 Pa-

126 3720 185 3775 rall.
199 3724 239 3790 p.
263 3721 338 3789 779.)
362 3724 507 3779 dedicatum
528 3744 586 3778 esse
608 3741 690 3794 puero
713 3722 843 3791 mysoeriis
868 3721 1056 3774 Saraothraciis
1079 3719 1193 3776 initiato,

125 3792 227 3845 Vanam
244 3808 300 3844 esse
317 3793 384 3846 hanc
402 3796 574 3877 opinationem
591 3795 651 3848 olim
669 3793 770 3847 ostendi
786 3792 814 3844 io
831 3792 970 3860 uphemer.
989 3791 1093 3842 lenens.
1110 3805 1195 3858 neque

127 3861 205 3933 aliter
221 3863 301 3916 sentit
324 3863 476 3929 Jacobsrus,
504 3874 532 3920 et
553 3884 596 3921 res
619 3866 677 3934 ipsa
700 3862 825 3932 loquitor.
860 3861 910 3913 ille
932 3868 1018 3913 tamen
1043 3868 1144 3927 perstat
1166 3859 1194 3911 in
1231 3872 1232 3875 ’

128 3933 258 3987 sententia
274 3933 336 3987 Anti
355 3970 362 3986 .
381 3933 508 3993 Abhandl.
527 3936 564 3991 N.
583 3936 643 3990 vll.
668 3936 851 4001 irwaotumque
867 3947 940 3984 suurn
964 3929 1097 3997 comaga
1115 3938 1193 3994 acuat,

126 4005 195 4073 qood
211 4004 268 4058 siue
284 3950 362 4058 rivali
379 4012 457 4058 amat.
604 4032 606 4039 ι
1022 4047 1025 4052 ,

167 4094 206 4159 ιι.
289 4079 296 4095 ’
725 4136 728 4142 f
939 4089 989 4163 33
1039 4132 1041 4135 .
