2925 4684
557 229 832 284 oururce.
1117 216 1215 292 lwl

145 393 298 480 stolam,
334 391 376 462 in
409 386 562 485 quaed
592 367 753 459 ma'trem
786 386 917 460 soribit
942 388 1037 461 sibi
1061 412 1086 461 a
1110 389 1220 463 Leo·

121 537 198 588 ne
223 509 425 612 quodam
452 508 941 613 antistitesaororum
967 508 1221 608 Aegyptio-

144 655 244 705 rum
261 642 530 705 unetusuae
556 628 814 724 potestatis
838 623 1082 725 proditum
1108 653 1223 721 esse,

145 755 223 850 qui
265 751 332 826 dii
371 752 509 842 vulgo
552 747 860 837 haberentur,
897 772 978 837 eos
1010 751 1224 854 homines

145 874 315 964 fuisse3
348 872 524 968 ipsosque
556 870 667 963 hujus
700 868 884 966 epistolae
915 870 1066 944 fictores-
1085 871 1224 945 [eorus

146 993 304 1086 Pellaei,
343 992 406 1090 qui
439 990 575 1062 librum
608 1010 717 1063 suum
751 985 969 1087 Olympiadi
993 992 1241 1089 inscripsisse·

146 1111 315 1201 videtur,
366 1113 519 1183 nondne
559 1108 609 1182 ad
647 1108 860 1204 fingendum
893 1110 1057 1184 Leonem
1089 1111 1225 1188 Hiero·

146 1235 329 1332 pbantarn
354 1211 583 1329 Aegyptium
599 1230 746 1304 abusos
774 1230 956 1326 arbitrum
973 1235 999 1327 ].
1140 1321 1142 1324 ι

248 1349 320 1427 His
370 1353 484 1448 igitur
533 1351 848 1446 Pragmatioorum
900 1350 1225 1451 disputatiunmiis

147 1473 400 1576 eoudooefapti
432 1472 667 1570 Apologetae
698 1472 862 1566 Dionysi
894 1495 954 1546 rea
989 1485 1110 1574 gestas
1150 1489 1227 1550 tra-

90 1690 92 1693 Α
148 1593 259 1684 dunt,
294 1595 422 1693 quales
455 1591 604 1667 abillis
629 1604 869 1691 sumperunt,
894 1592 998 1665 nulio
1024 1613 1092 1668 auo
1119 1595 1227 1669 addi-
1296 1662 1298 1666 ,

150 1727 328 1795 tamense.
380 1713 475 1787 Nam
506 1731 556 1786 ue
589 1712 636 1787 do
670 1713 867 1788 simulacro
900 1711 1051 1811 quidem
1084 1735 1225 1815 gypseo
1250 1695 1292 1760 ·’
1331 1760 1333 1763 ⁴
1422 1713 1424 1717 ’

151 1836 201 1918 ad
227 1830 423 1908 colendum
454 1833 602 1931 publice
627 1836 824 1933 proposito
851 1845 889 1905 et
913 1836 1005 1919 ortis
1030 1835 1116 1910 hinc
1140 1839 1226 1932 gefn-

152 1958 246 2027 tium
272 1955 595 2052 superstitionibus
627 1958 779 2028 mentiri
805 1953 1007 2053 quidquam
1031 1956 1099 2031 sod
1121 1959 1231 2032 vete

150 2098 233 2166 rum
260 2078 419 2170 vestigia
444 2078 550 2172 sequi
575 2069 858 2150 videnturfuu
882 2078 984 2149 enim
1006 2077 1228 2175 quaerentes

150 2184 257 2268 unde
274 2179 431 2269 deorum
457 2181 639 2270 solemnia
664 2199 872 2295 eoeperint‚
905 2198 1066 2271 inbono
1091 2197 1228 2295 eogita-

151 2318 293 2397 tionem
335 2315 563 2415 inuiderunt,
614 2315 856 2413 aegritudinis
895 2325 936 2390 et
970 2317 1149 2391 moeroris
1182 2339 1228 2393 ex

153 2435 260 2507 obitu
301 2434 467 2509 affinium
500 2438 777 2536 amicorumque
809 2439 972 2537 suseepti
1004 2437 1074 2511 boo
1107 2460 1130 2510 a
1162 2461 1228 2512 su·

153 2556 440 2654 perstitibus
465 2558 643 2631 solatium
669 2559 879 2633 adhibitum
906 2582 1005 2648 esse,
1030 2571 1074 2632 ut
1099 2558 1228 2633 defun-

112 2735 116 2739 .
156 2685 234 2747 ctos
260 2674 398 2751 divinis
424 2677 627 2752 honoribus
654 2693 927 2769 consecrarent,
954 2701 1153 2778 eorumque
1179 2683 1228 2753 si·

156 2795 319 2869 mulacra
342 2809 421 2871 turn
443 2797 516 2871 sibi
537 2811 618 2874 turn
642 2801 725 2874 aliis
738 2799 951 2876 veneranda
964 2809 1227 2897 proponerent.

94 2999 96 3002 .
153 2916 245 3014 Sap.
280 2916 420 2990 Salom.
454 2917 552 2992 XIV.
585 2918 648 2996 14.
681 2923 813 2999 πένθει
842 2917 1082 3020 τρυχώμονος
1107 2919 1228 3021 πατὴρ

154 3047 223 3114 τοῦ
255 3039 395 3135 ταχέως
427 3042 700 3141 ἀφαιρεθέντος
738 3039 870 3117 τέκνου
905 3036 1032 3117 εἶκόνα
1072 3036 1228 3136 ποιήσας

155 3160 224 3235 τὸν
242 3159 461 3260 ’ἄνθρωπον
488 3160 539 3245 ὥς
563 3161 659 3238 θεὸν
683 3158 807 3259 ἐτίμσε
839 3159 902 3236 καὶ
932 3159 1123 3263 παρέδωκε
1152 3168 1230 3247 τοῖς

132 3374 134 3378 ⁷
229 3397 272 3466 [⁸]
304 3398 414 3453 Praeter
437 3415 496 3464 eos,
529 3417 595 3469 quos
623 3399 762 3454 Fabricius
785 3400 819 3454 Τ.
844 3399 895 3454 ΠΙ.
919 3398 964 3453 27.
988 3405 1015 3472 et
1038 3400 1231 3458 Freinshemius
1266 3428 1269 3435 ·

157 3466 283 3536 Prolegg.
307 3470 334 3520 in
352 3470 427 3522 Curt.
450 3488 473 3524 ο.
499 3471 545 3523 IV.
569 3471 715 3537 nominant,
740 3471 894 3525 Pollurbis
925 3471 1092 3543 epistolarum
1115 3473 1231 3530 Aderan-
1259 3479 1261 3482 “

158 3539 200 3591 dri
222 3538 256 3590 ad
279 3545 387 3593 matrem
409 3541 523 3594 meminit
544 3542 591 3596 VI.
616 3542 659 3596 87.
683 3543 744 3596 VH.
771 3542 814 3597 28.
860 3542 954 3595 Fictae
986 3543 1040 3596 sine
1064 3542 1144 3597 dubio
1157 3535 1230 3597 ¹illue
1302 3577 1306 3589 .

159 3611 278 3673 fueruit,
309 3627 374 3679 quas
401 3611 530 3683 Josepbus
558 3628 606 3682 pro
637 3630 719 3676 causa
742 3613 900 3670 iudaeorum
923 3619 1014 3668 contre
1037 3613 1164 3685 Apiouem
1188 3614 1230 3666 ai-

159 3680 212 3731 fert
233 3679 271 3733 11.
295 3678 321 3734 4.
348 3680 411 3736 471.
434 3690 462 3737 et
483 3686 597 3738 fortasse
619 3684 722 3754 plures,
747 3685 793 3738 sed
817 3693 888 3738 certe
911 3685 958 3740 illa
975 3685 1008 3738 de
1024 3681 1127 3748 Leone,
1152 3698 1230 3751 quam

160 3748 318 3805 Villoiaoaus
343 3753 386 3806 De
408 3754 481 3823 tripl.
513 3753 608 3807 Theoi.
639 3772 665 3824 p.
691 3754 733 3806 19.
763 3760 860 3810 teruere
889 3756 1038 3809 Alexandro
1069 3753 1231 3823 Polyhistori

158 3820 260 3874 tribuit.
308 3824 368 3876 Nee
393 3831 465 3877 reete
491 3825 626 3878 Worthius
653 3830 680 3877 et
704 3824 771 3877 hunc
803 3832 928 3895 sequutus
947 3825 1065 3895 Heynius
1088 3824 1121 3876 de
1151 3822 1230 3884 Font,

158 3891 236 3944 Diod.
260 3913 287 3965 p.
309 3893 395 3947 XXX.
415 3894 489 3948 illum
511 3895 712 3949 commenticium
728 3895 853 3949 Leontem
875 3913 933 3948 cum
955 3896 1082 3965 scriptore
1106 3892 1231 3947 Macedo-

159 3961 415 4087 uipotconiundunt,
446 3966 489 4035 qui
517 3965 562 4019 ilio
588 3972 704 4038 tempore
735 3966 817 4046 raons
842 3966 1011 4036 Aegyptiacis
1035 3979 1159 4034 praeesse
1180 3980 1232 4020 uon

158 4051 175 4103 p
203 4050 252 4087 ur.
