2925 4684
190 199 200 216 ’
261 224 359 301 1012
576 237 716 294 erana
742 165 1006 291 anconnos.

259 396 465 474 memoravi
496 404 536 465 et
566 395 746 494 reJeci[⁸]
779 406 929 470 auctore
962 392 1162 480 Iuvenale,
1187 392 1252 488 qui
1276 393 1327 465 ci-

260 516 464 592 naedorum
488 536 730 589 romanorum
755 514 941 614 propudia
962 516 1034 588 boc
1051 513 1158 611 quan
1172 510 1327 609 epipho-

261 646 406 711 nemate
429 636 682 731 prosequitur:

413 771 498 831 Talia
519 783 633 832 recreta
652 776 805 832 coluerunt
825 775 910 852 orgia
930 773 1016 832 mdc
1079 791 1086 804 ’

412 871 581 950 Cecropiam
602 875 682 934 aoliti
703 874 815 953 Baptae
834 877 946 936 lauare
962 874 1143 952 cctycc[⁹].

263 1016 337 1093 qno
368 1013 484 1091 quum
517 994 718 1068 clmiaaime
751 1005 879 1092 pateat
910 1006 949 1066 et
980 993 1135 1091 Papiam
1174 1013 1328 1081 erraaae,

263 1126 321 1208 et,
346 1115 409 1212 qui
433 1113 530 1186 hunc
554 1115 738 1212 nequiuit,
764 1113 979 1200 suavium,
1002 1114 1136 1219 miror,
1170 1109 1235 1207 qni
1258 1132 1335 1209 pro.
1425 1165 1430 1174 „

261 1243 475 1330 argumento
501 1232 623 1307 afferri
647 1234 788 1331 possit,
813 1231 914 1329 quod
939 1254 1008 1330 pro
1032 1230 1127 1304 ialao
1151 1233 1330 1325 rejectum

262 1365 328 1427 eat
380 1350 457 1426 Sed
487 1353 557 1427 boc
589 1356 713 1451 ipsum
746 1350 850 1448 qnod
873 1352 933 1427 vir
953 1350 1088 1424 doetus
1112 1352 1193 1423 fieri
1216 1372 1371 1448 poaac7

261 1482 381 1568 negat,
398 1473 474 1547 viri
493 1485 536 1545 ut
550 1472 779 1571 praefuerint
790 1467 1031 1544 muliebribus
1044 1472 1168 1560 sauia,
1188 1468 1335 1546 facnrm.

234 1573 342 1666 ‘ase
367 1589 525 1664 delendo
551 1577 701 1668 aunon
725 1591 847 1667 statio
872 1590 991 1665 naon.
1015 1590 1057 1663 n
1088 1589 1117 1661 r
1143 1585 1229 1662 soc.
1278 1586 1335 1662 ln.

244 1709 406 1803 ’Scyro
433 1733 568 1809 quum
823 1731 828 1736 ·

647 1872 711 1946 piae
732 1879 871 1927 revocant
889 1870 1038 1927 trieterica
1057 1837 1177 1938 metten

414 1973 465 2027 lex
484 1975 586 2045 procul
608 1974 652 2029 irc
666 1988 778 2043 marea,
804 1972 891 2031 iterat
910 1980 1065 2047 praecepta
1082 1967 1223 2028 verannius

413 2072 524 2145 ductor,
546 2074 781 2150 inaccessumque
801 2074 873 2132 viria
893 2072 1032 2132 indicitur
1052 2082 1176 2136 antrum.
1223 2095 1228 2116 ¹

264 2215 302 2277 et
325 2205 548 2282 Matoethone
573 2206 634 2280 lv.
660 2207 722 2281 63.

416 2356 547 2434 Ταῦτοις
567 2366 702 2443 θηλειῶν
723 2356 897 2425 πιστεύεται
917 2358 1006 2444 ὄργια
1026 2354 1156 2444 κρυπτά,

414 2450 498 2523 οὗτοι
519 2459 746 2545 προστήαοιται
768 2460 800 2524 ἓν
820 2458 1013 2546 ὀργιάδεσσιν
1033 2459 1161 2545 ἑορταῖς,
1239 2491 1242 2496 ·
1290 2487 1296 2492 ·
1371 2479 1377 2486 ·

414 2559 493 2625 ἔνθα
514 2563 719 2648 φινγαρσινίης
738 2559 896 2648 μυστήρια
915 2558 1026 2643 accipet?
1049 2559 1255 2641 ἄιτασταΡἻ.

264 2733 336 2813 quo
362 2719 548 2813 pertinent
572 2719 723 2792 alterius
750 2740 859 2792 sexus
885 2700 1071 2810 Comitia,
1096 2715 1143 2788 ab
1169 2691 1350 2788 Horatio

65 2821 69 2827 ’
146 2845 147 2848 ’
263 2833 371 2910 haud‘
402 2838 554 2936 impune
601 2837 742 2926 derisa,
801 2847 914 2909 nota
953 2836 1111 2910 Bonae
1150 2845 1329 2908 secreta

332 3038 372 3110 [θ]
397 3041 447 3093 llio
469 3042 566 3095 verbio.
606 3042 705 3106 „Quod
728 3042 827 3111 Papias
849 3046 877 3094 ct
898 3039 960 3093 buic
983 3040 1141 3108 obaequutua
1161 3040 1187 3091 J.
1211 3038 1329 3107 Scaliger

267 3109 356 3171 „viror
379 3126 396 3162 a
419 3112 501 3162 cacria
524 3110 651 3178 Cotyttiie
666 3112 812 3181 prohibitos
828 3111 909 3164 fuiaae
925 3110 1080 3180 pertendunt
1096 3127 1121 3163 v.
1138 3110 1278 3162 Burmann.
1295 3106 1330 3161 ad

265 3177 363 3240 „Anto
382 3180 417 3232 T.
435 3180 458 3232 1.
477 3178 538 3233 438.
556 3196 645 3234 verum
662 3199 719 3234 eaae
735 3198 786 3233 non
802 3184 917 3249 potant.“

337 3279 375 3350 [⁹]
404 3281 465 3334 Non
481 3283 610 3352 precibus,
628 3290 658 3336 ut
673 3284 847 3336 Buttnaunua
863 3285 952 3351 putat,
970 3273 1245 3354 neqne'cymbalorum
1262 3287 1328 3346 atre-

266 3348 337 3472 pitu‚
361 3354 393 3403 ut
413 3350 574 3418 Menekine,
603 3354 654 3405 dea
674 3352 774 3405 lassata
796 3358 851 3417 eat,
874 3353 920 3405 aed
940 3355 1046 3407 fastidio
1070 3355 1273 3407 foedisairuarnn
1295 3351 1328 3403 li-

285 3418 394 3483 idinum,
418 3422 541 3487 quibua
565 3428 598 3474 et
615 3423 710 3473 dicat
734 3428 812 3473 cute
829 3423 986 3490 perditun
1004 3424 1088 3477 one!
1123 3424 1174 3475 Eat
1190 3423 1235 3478 nbi
1252 3422 1326 3473 Pria·

266 3504 315 3611 pua
332 3488 365 3541 de
382 3488 509 3545 boninum
520 3491 593 3545 adae
608 3492 801 3544 commeantium
813 3492 963 3563 inexplebili
973 3494 1081 3547 libidine
1094 3499 1224 3565 queratur,
1242 3493 1328 3543 necin

291 3563 366 3627 aptae
384 3557 521 3628 quidquam
538 3560 645 3629 gravina
663 3559 715 3613 dici
735 3563 846 3632 potuit,¹
860 3579 947 3633 quam·
958 3581 1003 3616 eoa
1026 3563 1091 3617 deae
1113 3564 1165 3635 ipai
1176 3562 1327 3632 ‚sanantem

267 3633 295 3681 at
311 3628 424 3682 taedium
442 3630 545 3682 afferre.

338 3714 393 3785 [¹⁰]
420 3715 469 3769 Ille
486 3715 622 3783 Βαναδίης
636 3714 723 3790 ἱερεύς
739 3720 765 3771 in
783 3720 863 3773 Iincr.
888 3736 930 3789 ap.
953 3719 995 3772 Al.
1015 3720 1154 3774 odericum
1170 3720 1279 3773 Dissert.
1302 3727 1345 3774 et.

267 3785 362 3840 Aduot.
392 3803 417 3856 p.
443 3784 502 3840 177.
548 3785 646 3839 Marini
674 3788 739 3840 Iacr.
768 3789 828 3842 Alb.
857 3789 893 3842 N.
918 3788 1035 3843 CLXVI.
1057 3794 1171 3854 sommae
1201 3786 1330 3855 Εἰνοδίης

157 3865 160 3882 ·
265 3855 324 3908 fuit.
341 3856 439 3910 Bonam
455 3849 538 3910 Deam
554 3856 693 3925 Βοναδίην
710 3857 763 3911 dici
780 3876 862 3930 aequa
881 3859 995 3928 ineptum
1020 3877 1051 3918 ac
1075 3862 1097 3914 ai
1141 3860 1180 3913 uia
1204 3859 1328 3911 Liberum

181 3986 184 3995 Ι
265 3924 370 3979 Patron
385 3943 480 3995 graeca
495 3921 688 4001 Λιβερπᾶτορα
705 3928 791 4000 dicere
808 3928 923 3983 auderet
943 3929 977 3982 -In
993 3929 1069 3983 Diod.
1164 3929 1209 3983 VL
1227 3947 1253 3998 p.
1269 3925 1327 3980 153.

186 4047 188 4052 .
265 3991 399 4052 ‘'3“20‘3‘01‘
423 3996 556 4054 ὅθκῡῧνῐα
578 3999 622 4062 τῆς
644 4001 816 4068 ἱεροσκοπίης
837 4000 968 4072 ἔμπειρον
994 3995 1065 4056 εἶναι
1092 4003 1138 4055 καὶ
1157 4001 1327 4070 γυναικείαις
