<?xml version="1.0" encoding="UTF-8"?>
<!DOCTYPE html PUBLIC "-//W3C//DTD XHTML 1.0 Transitional//EN"
    "http://www.w3.org/TR/xhtml1/DTD/xhtml1-transitional.dtd">
<html xmlns="http://www.w3.org/1999/xhtml" xml:lang="en" lang="en">
 <head>
  <title>
</title>
<meta http-equiv="Content-Type" content="text/html;charset=utf-8" />
  <meta name='ocr-system' content='tesseract 3.04.00' />
  <meta name='ocr-capabilities' content='ocr_page ocr_carea ocr_par ocr_line ocrx_word'/>
</head>
<body>
  <div class='ocr_page' id='page_1' title='image "aglaophamussive00lobegoog_0413.png"; bbox 0 0 2925 4684; ppageno 0'>
   <div class='ocr_carea' id='block_1_1' title="bbox 537 219 1257 303">
    <p class='ocr_par' dir='ltr' id='par_1_1' title="bbox 537 219 1257 303">
     <span class='ocr_line' id='line_1_1' title="bbox 537 219 1257 303; baseline 0.013 -10"><span class='ocrx_word' id='word_1_1' title='bbox 537 237 874 296; x_wconf 70' lang='lat' dir='ltr'><strong>elnonensem.</strong></span> <span class='ocrx_word' id='word_1_2' title='bbox 932 269 938 278; x_wconf 77' lang='lat'><strong>,</strong></span> <span class='ocrx_word' id='word_1_3' title='bbox 1157 219 1257 303; x_wconf 71' lang='lat' dir='ltr'><strong>llill</strong></span> 
     </span>
    </p>
   </div>
   <div class='ocr_carea' id='block_1_2' title="bbox 178 373 1261 860">
    <p class='ocr_par' dir='ltr' id='par_1_2' title="bbox 178 373 1261 860">
     <span class='ocr_line' id='line_1_2' title="bbox 180 373 1258 498; baseline 0.006 -30"><span class='ocrx_word' id='word_1_4' title='bbox 180 392 428 469; x_wconf 74' lang='lat' dir='ltr'><strong>Stoeimbmto</strong></span> <span class='ocrx_word' id='word_1_5' title='bbox 470 373 679 471; x_wconf 76' lang='lat' dir='ltr'><strong>mutuatum</strong></span> <span class='ocrx_word' id='word_1_6' title='bbox 720 418 804 476; x_wconf 81' lang='lat' dir='ltr'><strong>esee</strong></span> <span class='ocrx_word' id='word_1_7' title='bbox 837 394 1019 487; x_wconf 87' lang='lat' dir='ltr'><strong>traderet,</strong></span> <span class='ocrx_word' id='word_1_8' title='bbox 1054 398 1118 497; x_wconf 89' lang='lat' dir='ltr'><strong>qui</strong></span> <span class='ocrx_word' id='word_1_9' title='bbox 1148 400 1258 498; x_wconf 79' lang='lat' dir='ltr'><strong>longe</strong></span> 
     </span>
     <span class='ocr_line' id='line_1_3' title="bbox 178 514 1261 615; baseline 0.006 -24"><span class='ocrx_word' id='word_1_10' title='bbox 178 514 291 591; x_wconf 78' lang='lat' dir='ltr'><strong>aliam</strong></span> <span class='ocrx_word' id='word_1_11' title='bbox 317 515 500 612; x_wconf 71' lang='lat' dir='ltr'><strong>originem</strong></span> <span class='ocrx_word' id='word_1_12' title='bbox 525 540 568 590; x_wconf 88' lang='lat' dir='ltr'><strong>ao</strong></span> <span class='ocrx_word' id='word_1_13' title='bbox 593 540 642 591; x_wconf 90' lang='lat' dir='ltr'><strong>ne</strong></span> <span class='ocrx_word' id='word_1_14' title='bbox 666 520 797 592; x_wconf 85' lang='lat' dir='ltr'><strong>matris</strong></span> <span class='ocrx_word' id='word_1_15' title='bbox 822 516 976 615; x_wconf 89' lang='lat' dir='ltr'><strong>quidem</strong></span> <span class='ocrx_word' id='word_1_16' title='bbox 1000 540 1140 594; x_wconf 88' lang='lat' dir='ltr'><strong>nomen</strong></span> <span class='ocrx_word' id='word_1_17' title='bbox 1157 521 1261 598; x_wconf 82' lang='lat' dir='ltr'><strong>idem</strong></span> 
     </span>
     <span class='ocr_line' id='line_1_4' title="bbox 178 633 1260 739; baseline 0.006 -28"><span class='ocrx_word' id='word_1_18' title='bbox 178 634 358 736; x_wconf 75' lang='lat' dir='ltr'><strong>prodidit</strong></span> <span class='ocrx_word' id='word_1_19' title='bbox 399 634 507 711; x_wconf 80' lang='lat' dir='ltr'><strong>Adeo</strong></span> <span class='ocrx_word' id='word_1_20' title='bbox 532 637 672 712; x_wconf 84' lang='lat' dir='ltr'><strong>caduca</strong></span> <span class='ocrx_word' id='word_1_21' title='bbox 696 649 785 714; x_wconf 89' lang='lat' dir='ltr'><strong>suut</strong></span> <span class='ocrx_word' id='word_1_22' title='bbox 809 637 1054 714; x_wconf 73' lang='lat' dir='ltr'><strong>lundameuta</strong></span> <span class='ocrx_word' id='word_1_23' title='bbox 1076 663 1101 714; x_wconf 86' lang='lat' dir='ltr'><strong>a</strong></span> <span class='ocrx_word' id='word_1_24' title='bbox 1125 633 1260 739; x_wconf 72' lang='lat' dir='ltr'><strong>quibus</strong></span> 
     </span>
     <span class='ocr_line' id='line_1_5' title="bbox 180 757 1261 860; baseline 0.007 -28"><span class='ocrx_word' id='word_1_25' title='bbox 180 769 263 832; x_wconf 87' lang='lat' dir='ltr'><strong>tota</strong></span> <span class='ocrx_word' id='word_1_26' title='bbox 293 757 385 831; x_wconf 87' lang='lat' dir='ltr'><strong>haec</strong></span> <span class='ocrx_word' id='word_1_27' title='bbox 416 770 545 833; x_wconf 82' lang='lat' dir='ltr'><strong>nmtra</strong></span> <span class='ocrx_word' id='word_1_28' title='bbox 569 757 777 858; x_wconf 85' lang='lat' dir='ltr'><strong>disputatio</strong></span> <span class='ocrx_word' id='word_1_29' title='bbox 800 761 1056 860; x_wconf 84' lang='lat' dir='ltr'><strong>proficiscitur.</strong></span> <span class='ocrx_word' id='word_1_30' title='bbox 1108 762 1261 840; x_wconf 75' lang='lat' dir='ltr'>Interim</span> 
     </span>
    </p>
   </div>
   <div class='ocr_carea' id='block_1_3' title="bbox 38 878 1264 979">
    <p class='ocr_par' dir='ltr' id='par_1_3' title="bbox 38 878 1264 979">
     <span class='ocr_line' id='line_1_6' title="bbox 38 878 1264 979; baseline 0 -23"><span class='ocrx_word' id='word_1_31' title='bbox 38 947 43 956; x_wconf 89' lang='lat'>.</span> <span class='ocrx_word' id='word_1_32' title='bbox 181 879 280 954; x_wconf 76' lang='lat' dir='ltr'><strong>sien</strong></span> <span class='ocrx_word' id='word_1_33' title='bbox 312 878 484 976; x_wconf 85' lang='lat' dir='ltr'><strong>pluribus</strong></span> <span class='ocrx_word' id='word_1_34' title='bbox 508 881 693 956; x_wconf 84' lang='lat' dir='ltr'><strong>molestiis</strong></span> <span class='ocrx_word' id='word_1_35' title='bbox 719 879 949 979; x_wconf 74' lang='lat' dir='ltr'><strong>capessenda</strong></span> <span class='ocrx_word' id='word_1_36' title='bbox 974 892 1032 958; x_wconf 83' lang='lat' dir='ltr'><strong>est</strong></span> <span class='ocrx_word' id='word_1_37' title='bbox 1055 882 1264 975; x_wconf 55' lang='lat' dir='ltr'><strong>levissima&lt;</strong></span> 
     </span>
    </p>
   </div>
   <div class='ocr_carea' id='block_1_4' title="bbox 78 996 1358 2647">
    <p class='ocr_par' dir='ltr' id='par_1_4' title="bbox 180 996 1358 1461">
     <span class='ocr_line' id='line_1_7' title="bbox 181 996 1260 1098; baseline 0.007 -26"><span class='ocrx_word' id='word_1_38' title='bbox 181 996 431 1074; x_wconf 79' lang='lat' dir='ltr'><strong>Stesimbreto</strong></span> <span class='ocrx_word' id='word_1_39' title='bbox 456 1000 563 1075; x_wconf 89' lang='lat' dir='ltr'><strong>illam</strong></span> <span class='ocrx_word' id='word_1_40' title='bbox 580 1013 684 1075; x_wconf 76' lang='lat' dir='ltr'><strong>onus</strong></span> <span class='ocrx_word' id='word_1_41' title='bbox 698 1000 873 1090; x_wconf 75' lang='lat' dir='ltr'><strong>fabulosi,</strong></span> <span class='ocrx_word' id='word_1_42' title='bbox 897 1000 999 1075; x_wconf 89' lang='lat' dir='ltr'><strong>unde</strong></span> <span class='ocrx_word' id='word_1_43' title='bbox 1013 999 1260 1098; x_wconf 86' lang='lat' dir='ltr'><strong>Dactylerum</strong></span> 
     </span>
     <span class='ocr_line' id='line_1_8' title="bbox 180 1109 1262 1223; baseline 0.006 -32"><span class='ocrx_word' id='word_1_44' title='bbox 180 1139 317 1212; x_wconf 79' lang='lat' dir='ltr'><strong>nomen</strong></span> <span class='ocrx_word' id='word_1_45' title='bbox 330 1131 460 1196; x_wconf 83' lang='lat' dir='ltr'><strong>natum</strong></span> <span class='ocrx_word' id='word_1_46' title='bbox 479 1120 649 1213; x_wconf 80' lang='lat' dir='ltr'><strong>credidit,</strong></span> <span class='ocrx_word' id='word_1_47' title='bbox 667 1109 883 1220; x_wconf 72' lang='lat' dir='ltr'><strong>opinionem</strong></span> <span class='ocrx_word' id='word_1_48' title='bbox 899 1121 1120 1221; x_wconf 79' lang='lat' dir='ltr'><strong>relinquam,</strong></span> <span class='ocrx_word' id='word_1_49' title='bbox 1143 1124 1262 1223; x_wconf 86' lang='lat' dir='ltr'><strong>Apol-</strong></span> 
     </span>
     <span class='ocr_line' id='line_1_9' title="bbox 181 1223 1358 1342; baseline 0.004 -28"><span class='ocrx_word' id='word_1_50' title='bbox 181 1223 323 1315; x_wconf 87' lang='lat' dir='ltr'><strong>lonium</strong></span> <span class='ocrx_word' id='word_1_51' title='bbox 350 1253 476 1316; x_wconf 89' lang='lat' dir='ltr'><strong>autem</strong></span> <span class='ocrx_word' id='word_1_52' title='bbox 502 1245 726 1339; x_wconf 72' lang='lat' dir='ltr'><strong>repetivisse</strong></span> <span class='ocrx_word' id='word_1_53' title='bbox 741 1242 892 1342; x_wconf 87' lang='lat' dir='ltr'><strong>quidem</strong></span> <span class='ocrx_word' id='word_1_54' title='bbox 908 1241 1003 1318; x_wconf 88' lang='lat' dir='ltr'><strong>illud</strong></span> <span class='ocrx_word' id='word_1_55' title='bbox 1018 1265 1042 1317; x_wconf 86' lang='lat' dir='ltr'><strong>a</strong></span> <span class='ocrx_word' id='word_1_56' title='bbox 1056 1242 1181 1340; x_wconf 82' lang='lat' dir='ltr'><strong>digitis</strong></span> <span class='ocrx_word' id='word_1_57' title='bbox 1194 1241 1266 1319; x_wconf 75' lang='lat' dir='ltr'><strong>sed</strong></span> <span class='ocrx_word' id='word_1_58' title='bbox 1356 1271 1358 1275; x_wconf 65' lang='grc'>’</span> 
     </span>
     <span class='ocr_line' id='line_1_10' title="bbox 182 1353 1262 1461; baseline 0.01 -26"><span class='ocrx_word' id='word_1_59' title='bbox 182 1353 443 1452; x_wconf 76' lang='lat' dir='ltr'><strong>alienatione,</strong></span> <span class='ocrx_word' id='word_1_60' title='bbox 469 1386 580 1461; x_wconf 84' lang='lat' dir='ltr'><strong>quam</strong></span> <span class='ocrx_word' id='word_1_61' title='bbox 608 1362 772 1438; x_wconf 77' lang='lat' dir='ltr'><strong>declaret</strong></span> <span class='ocrx_word' id='word_1_62' title='bbox 796 1362 1001 1438; x_wconf 78' lang='lat' dir='ltr'><strong>Diomedes</strong></span> <span class='ocrx_word' id='word_1_63' title='bbox 1027 1364 1195 1444; x_wconf 69' lang='lat' dir='ltr'><strong>Gremm·</strong></span> <span class='ocrx_word' id='word_1_64' title='bbox 1218 1366 1262 1446; x_wconf 66' lang='lat' dir='ltr'><strong>lu</strong></span> 
     </span>
    </p>

    <p class='ocr_par' dir='ltr' id='par_1_5' title="bbox 78 1475 1267 2647">
     <span class='ocr_line' id='line_1_11' title="bbox 179 1475 1264 1580; baseline 0.004 -23"><span class='ocrx_word' id='word_1_65' title='bbox 179 1480 244 1557; x_wconf 85' lang='grc' dir='ltr'><strong>ΠΙ.</strong></span> <span class='ocrx_word' id='word_1_66' title='bbox 278 1480 367 1556; x_wconf 85' lang='grc'><strong>474.</strong></span> <span class='ocrx_word' id='word_1_67' title='bbox 393 1482 539 1557; x_wconf 82' lang='lat' dir='ltr'><strong>Pntselr.</strong></span> <span class='ocrx_word' id='word_1_68' title='bbox 567 1484 792 1579; x_wconf 85' lang='lat' dir='ltr'><strong>dactylicum</strong></span> <span class='ocrx_word' id='word_1_69' title='bbox 824 1486 1039 1580; x_wconf 81' lang='lat' dir='ltr'><strong>rhythmum</strong></span> <span class='ocrx_word' id='word_1_70' title='bbox 1065 1486 1113 1560; x_wconf 88' lang='lat' dir='ltr'><strong>ab</strong></span> <span class='ocrx_word' id='word_1_71' title='bbox 1130 1475 1264 1561; x_wconf 83' lang='lat' dir='ltr'><strong>¹Idaeis</strong></span> 
     </span>
     <span class='ocr_line' id='line_1_12' title="bbox 78 1586 1264 1705; baseline 0.004 -30"><span class='ocrx_word' id='word_1_72' title='bbox 78 1586 80 1590; x_wconf 34' lang='lat'>⁵</span> <span class='ocrx_word' id='word_1_73' title='bbox 180 1601 354 1697; x_wconf 84' lang='lat' dir='ltr'><strong>Dactylic</strong></span> <span class='ocrx_word' id='word_1_74' title='bbox 380 1628 516 1679; x_wconf 91' lang='lat' dir='ltr'><strong>nomen</strong></span> <span class='ocrx_word' id='word_1_75' title='bbox 541 1597 678 1679; x_wconf 86' lang='lat' dir='ltr'><strong>habere</strong></span> <span class='ocrx_word' id='word_1_76' title='bbox 699 1597 898 1697; x_wconf 82' lang='lat' dir='ltr'><strong>affirmans,</strong></span> <span class='ocrx_word' id='word_1_77' title='bbox 923 1629 1039 1705; x_wconf 90' lang='lat' dir='ltr'><strong>quos</strong></span> <span class='ocrx_word' id='word_1_78' title='bbox 1066 1591 1264 1681; x_wconf 80' lang='lat' dir='ltr'><strong>Curetes</strong></span> 
     </span>
     <span class='ocr_line' id='line_1_13' title="bbox 182 1723 1265 1827; baseline 0.003 -31"><span class='ocrx_word' id='word_1_79' title='bbox 182 1729 288 1798; x_wconf 84' lang='lat' dir='ltr'><strong>sive</strong></span> <span class='ocrx_word' id='word_1_80' title='bbox 315 1723 610 1820; x_wconf 83' lang='lat' dir='ltr'><strong>Corybantes</strong></span> <span class='ocrx_word' id='word_1_81' title='bbox 636 1739 806 1824; x_wconf 89' lang='lat' dir='ltr'><strong>poetae</strong></span> <span class='ocrx_word' id='word_1_82' title='bbox 832 1728 1176 1827; x_wconf 62' lang='lat' dir='ltr'><strong>appellabant..</strong></span> <span class='ocrx_word' id='word_1_83' title='bbox 1201 1725 1265 1801; x_wconf 84' lang='lat' dir='ltr'><strong>Hi</strong></span> 
     </span>
     <span class='ocr_line' id='line_1_14' title="bbox 184 1829 1261 1941; baseline 0.005 -25"><span class='ocrx_word' id='word_1_84' title='bbox 184 1865 384 1941; x_wconf 85' lang='lat' dir='ltr'><strong>namque</strong></span> <span class='ocrx_word' id='word_1_85' title='bbox 428 1845 476 1918; x_wconf 90' lang='lat' dir='ltr'><strong>in</strong></span> <span class='ocrx_word' id='word_1_86' title='bbox 518 1847 676 1921; x_wconf 83' lang='lat' dir='ltr'><strong>insule</strong></span> <span class='ocrx_word' id='word_1_87' title='bbox 715 1842 857 1926; x_wconf 85' lang='lat' dir='ltr'><strong>Creta</strong></span> <span class='ocrx_word' id='word_1_88' title='bbox 895 1829 1060 1924; x_wconf 83' lang='lat' dir='ltr'><strong>Jovem</strong></span> <span class='ocrx_word' id='word_1_89' title='bbox 1103 1859 1261 1927; x_wconf 82' lang='lat' dir='ltr'><strong>custo·</strong></span> 
     </span>
     <span class='ocr_line' id='line_1_15' title="bbox 184 1961 1263 2068; baseline 0.005 -33"><span class='ocrx_word' id='word_1_90' title='bbox 184 1961 377 2056; x_wconf 84' lang='lat' dir='ltr'><strong>diendo,</strong></span> <span class='ocrx_word' id='word_1_91' title='bbox 410 1989 465 2040; x_wconf 91' lang='lat' dir='ltr'><strong>ne</strong></span> <span class='ocrx_word' id='word_1_92' title='bbox 497 1963 660 2064; x_wconf 79' lang='lat' dir='ltr'><strong>vagitu</strong></span> <span class='ocrx_word' id='word_1_93' title='bbox 695 1990 742 2041; x_wconf 89' lang='lat' dir='ltr'><strong>se</strong></span> <span class='ocrx_word' id='word_1_94' title='bbox 767 1972 999 2068; x_wconf 85' lang='lat' dir='ltr'><strong>parvulus</strong></span> <span class='ocrx_word' id='word_1_95' title='bbox 1025 1965 1263 2067; x_wconf 79' lang='lat' dir='ltr'><strong>proderet,</strong></span> 
     </span>
     <span class='ocr_line' id='line_1_16' title="bbox 183 2079 1262 2183; baseline 0.004 -25"><span class='ocrx_word' id='word_1_96' title='bbox 183 2079 435 2183; x_wconf 75' lang='lat' dir='ltr'><strong>clypeolis</strong></span> <span class='ocrx_word' id='word_1_97' title='bbox 454 2091 626 2164; x_wconf 80' lang='lat' dir='ltr'><strong>&#39;aeneis</strong></span> <span class='ocrx_word' id='word_1_98' title='bbox 668 2090 794 2161; x_wconf 88' lang='lat' dir='ltr'><strong>inter</strong></span> <span class='ocrx_word' id='word_1_99' title='bbox 834 2112 882 2162; x_wconf 87' lang='lat' dir='ltr'><strong>se</strong></span> <span class='ocrx_word' id='word_1_100' title='bbox 909 2100 1262 2177; x_wconf 78' lang='lat' dir='ltr'><strong>concurrentes,</strong></span> 
     </span>
     <span class='ocr_line' id='line_1_17' title="bbox 183 2207 1264 2307; baseline 0.003 -28"><span class='ocrx_word' id='word_1_101' title='bbox 183 2207 367 2281; x_wconf 86' lang='lat' dir='ltr'><strong>tinnitu</strong></span> <span class='ocrx_word' id='word_1_102' title='bbox 407 2209 534 2282; x_wconf 85' lang='lat' dir='ltr'><strong>aeris</strong></span> <span class='ocrx_word' id='word_1_103' title='bbox 566 2209 662 2297; x_wconf 88' lang='lat' dir='ltr'><strong>illi,</strong></span> <span class='ocrx_word' id='word_1_104' title='bbox 702 2208 971 2303; x_wconf 87' lang='lat' dir='ltr'><strong>rhythmica</strong></span> <span class='ocrx_word' id='word_1_105' title='bbox 1012 2219 1155 2284; x_wconf 86' lang='lat' dir='ltr'><strong>etiam</strong></span> <span class='ocrx_word' id='word_1_106' title='bbox 1189 2223 1264 2307; x_wconf 59' lang='lat' dir='ltr'><strong>pei</strong></span> 
     </span>
     <span class='ocr_line' id='line_1_18' title="bbox 133 2326 1267 2428; baseline 0 -27"><span class='ocrx_word' id='word_1_107' title='bbox 133 2373 135 2380; x_wconf 66' lang='lat'>‹</span> <span class='ocrx_word' id='word_1_108' title='bbox 184 2327 257 2402; x_wconf 90' lang='lat' dir='ltr'><strong>dis</strong></span> <span class='ocrx_word' id='word_1_109' title='bbox 289 2326 524 2423; x_wconf 80' lang='lat' dir='ltr'><strong>dactylici</strong></span> <span class='ocrx_word' id='word_1_110' title='bbox 558 2330 906 2428; x_wconf 85' lang='lat' dir='ltr'><strong>compositione</strong></span> <span class='ocrx_word' id='word_1_111' title='bbox 937 2330 1156 2406; x_wconf 86' lang='lat' dir='ltr'><strong>celavere</strong></span> <span class='ocrx_word' id='word_1_112' title='bbox 1181 2351 1267 2405; x_wconf 86' lang='lat' dir='ltr'><strong>vo·</strong></span> 
     </span>
     <span class='ocr_line' id='line_1_19' title="bbox 185 2448 1263 2560; baseline 0.003 -39"><span class='ocrx_word' id='word_1_113' title='bbox 185 2471 280 2560; x_wconf 73' lang='lat' dir='ltr'><strong>cem</strong></span> <span class='ocrx_word' id='word_1_114' title='bbox 305 2449 520 2524; x_wconf 83' lang='lat' dir='ltr'><strong>infantis.</strong></span> <span class='ocrx_word' id='word_1_115' title='bbox 561 2448 651 2523; x_wconf 80' lang='lat' dir='ltr'><strong>Sed</strong></span> <span class='ocrx_word' id='word_1_116' title='bbox 677 2452 955 2526; x_wconf 79' lang='lat' dir='ltr'><strong>nativitatis</strong></span> <span class='ocrx_word' id='word_1_117' title='bbox 981 2473 1138 2527; x_wconf 87' lang='lat' dir='ltr'><strong>eorum</strong></span> <span class='ocrx_word' id='word_1_118' title='bbox 1163 2473 1263 2525; x_wconf 79' lang='lat' dir='ltr'><strong>cau·</strong></span> 
     </span>
     <span class='ocr_line' id='line_1_20' title="bbox 186 2570 1262 2647; baseline 0.007 -7"><span class='ocrx_word' id='word_1_119' title='bbox 186 2590 283 2642; x_wconf 84' lang='lat' dir='ltr'><strong>sam</strong></span> <span class='ocrx_word' id='word_1_120' title='bbox 310 2580 503 2643; x_wconf 87' lang='lat' dir='ltr'><strong>vetusta</strong></span> <span class='ocrx_word' id='word_1_121' title='bbox 528 2570 822 2647; x_wconf 78' lang='lat' dir='ltr'><strong>fabulositas</strong></span> <span class='ocrx_word' id='word_1_122' title='bbox 848 2571 984 2647; x_wconf 87' lang='lat' dir='ltr'><strong>docet</strong></span> <span class='ocrx_word' id='word_1_123' title='bbox 1008 2573 1125 2647; x_wconf 85' lang='lat' dir='ltr'><strong>hano</strong></span> <span class='ocrx_word' id='word_1_124' title='bbox 1150 2572 1262 2647; x_wconf 85' lang='lat' dir='ltr'><strong>fnis-</strong></span> 
     </span>
    </p>
   </div>
   <div class='ocr_carea' id='block_1_5' title="bbox 70 2677 1399 2792">
    <p class='ocr_par' dir='ltr' id='par_1_6' title="bbox 70 2677 1399 2792">
     <span class='ocr_line' id='line_1_21' title="bbox 70 2677 1399 2792; baseline 0.007 -32"><span class='ocrx_word' id='word_1_125' title='bbox 70 2701 74 2704; x_wconf 82' lang='grc'><strong>’</strong></span> <span class='ocrx_word' id='word_1_126' title='bbox 187 2711 247 2761; x_wconf 82' lang='lat' dir='ltr'><strong>se.</strong></span> <span class='ocrx_word' id='word_1_127' title='bbox 306 2690 449 2785; x_wconf 80' lang='lat' dir='ltr'><strong>AJ‘unt</strong></span> <span class='ocrx_word' id='word_1_128' title='bbox 484 2690 625 2787; x_wconf 87' lang='lat' dir='ltr'><strong>Opem</strong></span> <span class='ocrx_word' id='word_1_129' title='bbox 658 2696 704 2766; x_wconf 90' lang='lat' dir='ltr'><strong>iu</strong></span> <span class='ocrx_word' id='word_1_130' title='bbox 737 2693 867 2767; x_wconf 88' lang='lat' dir='ltr'><strong>Idam</strong></span> <span class='ocrx_word' id='word_1_131' title='bbox 905 2683 1105 2767; x_wconf 87' lang='lat' dir='ltr'><strong>montem</strong></span> <span class='ocrx_word' id='word_1_132' title='bbox 1138 2677 1262 2768; x_wconf 75' lang='lat' dir='ltr'><strong>insa-2</strong></span> <span class='ocrx_word' id='word_1_133' title='bbox 1394 2777 1399 2792; x_wconf 55' lang='lat'><strong>,</strong></span> 
     </span>
    </p>
   </div>
   <div class='ocr_carea' id='block_1_6' title="bbox 115 2808 1291 3271">
    <p class='ocr_par' dir='ltr' id='par_1_7' title="bbox 115 2808 1291 3271">
     <span class='ocr_line' id='line_1_22' title="bbox 186 2808 1262 2907; baseline 0.001 -25"><span class='ocrx_word' id='word_1_134' title='bbox 186 2809 261 2883; x_wconf 90' lang='lat' dir='ltr'><strong>lae</strong></span> <span class='ocrx_word' id='word_1_135' title='bbox 286 2808 451 2884; x_wconf 87' lang='lat' dir='ltr'><strong>Cretae</strong></span> <span class='ocrx_word' id='word_1_136' title='bbox 476 2812 701 2907; x_wconf 78' lang='lat' dir='ltr'><strong>fugiendo</strong></span> <span class='ocrx_word' id='word_1_137' title='bbox 729 2814 935 2887; x_wconf 88' lang='lat' dir='ltr'><strong>delatam</strong></span> <span class='ocrx_word' id='word_1_138' title='bbox 969 2835 1128 2887; x_wconf 79' lang='lat' dir='ltr'><strong>manns</strong></span> <span class='ocrx_word' id='word_1_139' title='bbox 1154 2834 1262 2885; x_wconf 87' lang='lat' dir='ltr'><strong>suas</strong></span> 
     </span>
     <span class='ocr_line' id='line_1_23' title="bbox 185 2927 1262 3031; baseline -0.002 -26"><span class='ocrx_word' id='word_1_140' title='bbox 185 2927 539 3031; x_wconf 55' lang='lat' dir='ltr'><strong>imposuissem</strong></span> <span class='ocrx_word' id='word_1_141' title='bbox 571 2945 833 3007; x_wconf 84' lang='lat' dir='ltr'><strong>memorato</strong></span> <span class='ocrx_word' id='word_1_142' title='bbox 863 2935 1011 3006; x_wconf 89' lang='lat' dir='ltr'><strong>monti</strong></span> <span class='ocrx_word' id='word_1_143' title='bbox 1038 2944 1084 3005; x_wconf 89' lang='lat' dir='ltr'><strong>et</strong></span> <span class='ocrx_word' id='word_1_144' title='bbox 1109 2933 1176 3004; x_wconf 89' lang='lat' dir='ltr'><strong>sic</strong></span> <span class='ocrx_word' id='word_1_145' title='bbox 1200 2933 1262 3003; x_wconf 87' lang='lat' dir='ltr'><strong>ln·</strong></span> 
     </span>
     <span class='ocr_line' id='line_1_24' title="bbox 115 3050 1291 3151; baseline 0 -26"><span class='ocrx_word' id='word_1_146' title='bbox 115 3083 118 3092; x_wconf 59' lang='lat'>¹</span> <span class='ocrx_word' id='word_1_147' title='bbox 186 3052 362 3126; x_wconf 82' lang='lat' dir='ltr'><strong>fantem</strong></span> <span class='ocrx_word' id='word_1_148' title='bbox 401 3053 557 3151; x_wconf 86' lang='lat' dir='ltr'><strong>ipsum</strong></span> <span class='ocrx_word' id='word_1_149' title='bbox 596 3052 822 3143; x_wconf 86' lang='lat' dir='ltr'><strong>edidisse,</strong></span> <span class='ocrx_word' id='word_1_150' title='bbox 867 3065 913 3127; x_wconf 89' lang='lat' dir='ltr'><strong>et</strong></span> <span class='ocrx_word' id='word_1_151' title='bbox 953 3077 1007 3126; x_wconf 83' lang='lat' dir='ltr'><strong>ex</strong></span> <span class='ocrx_word' id='word_1_152' title='bbox 1046 3050 1291 3135; x_wconf 66' lang='lat' dir='ltr'><strong>manuum,</strong></span> 
     </span>
     <span class='ocr_line' id='line_1_25' title="bbox 186 3159 1263 3271; baseline -0.003 -24"><span class='ocrx_word' id='word_1_153' title='bbox 186 3159 502 3271; x_wconf 85' lang='lat' dir='ltr'><strong>impressione</strong></span> <span class='ocrx_word' id='word_1_154' title='bbox 535 3174 790 3249; x_wconf 87' lang='lat' dir='ltr'><strong>emersisse</strong></span> <span class='ocrx_word' id='word_1_155' title='bbox 822 3172 1016 3247; x_wconf 85' lang='lat' dir='ltr'><strong>Curetas</strong></span> <span class='ocrx_word' id='word_1_156' title='bbox 1049 3174 1152 3247; x_wconf 86' lang='lat' dir='ltr'><strong>sive</strong></span> <span class='ocrx_word' id='word_1_157' title='bbox 1185 3168 1263 3245; x_wconf 55' lang='lat' dir='ltr'><strong>Co,</strong></span> 
     </span>
    </p>
   </div>
   <div class='ocr_carea' id='block_1_7' title="bbox 54 3293 1263 3512">
    <p class='ocr_par' dir='ltr' id='par_1_8' title="bbox 54 3293 1263 3512">
     <span class='ocr_line' id='line_1_26' title="bbox 71 3293 1263 3400; baseline 0 -34"><span class='ocrx_word' id='word_1_158' title='bbox 71 3309 112 3388; x_wconf 62' lang='lat' dir='ltr'><em>J</em></span> <span class='ocrx_word' id='word_1_159' title='bbox 185 3293 434 3387; x_wconf 85' lang='lat' dir='ltr'><strong>rybantas,</strong></span> <span class='ocrx_word' id='word_1_160' title='bbox 480 3318 595 3392; x_wconf 87' lang='lat' dir='ltr'><strong>quos</strong></span> <span class='ocrx_word' id='word_1_161' title='bbox 641 3319 668 3400; x_wconf 92' lang='lat' dir='ltr'><strong>a</strong></span> <span class='ocrx_word' id='word_1_162' title='bbox 709 3297 884 3370; x_wconf 86' lang='lat' dir='ltr'><strong>mentis</strong></span> <span class='ocrx_word' id='word_1_163' title='bbox 930 3296 1116 3369; x_wconf 89' lang='lat' dir='ltr'><strong>nomine</strong></span> <span class='ocrx_word' id='word_1_164' title='bbox 1154 3305 1200 3365; x_wconf 91' lang='lat' dir='ltr'><strong>et</strong></span> <span class='ocrx_word' id='word_1_165' title='bbox 1239 3314 1263 3366; x_wconf 88' lang='lat' dir='ltr'><strong>a</strong></span> 
     </span>
     <span class='ocr_line' id='line_1_27' title="bbox 54 3412 1261 3512; baseline -0.001 -26"><span class='ocrx_word' id='word_1_166' title='bbox 54 3415 56 3418; x_wconf 80' lang='grc'><strong>’</strong></span> <span class='ocrx_word' id='word_1_167' title='bbox 188 3414 421 3512; x_wconf 83' lang='lat' dir='ltr'><strong>qualitate</strong></span> <span class='ocrx_word' id='word_1_168' title='bbox 452 3416 572 3490; x_wconf 83' lang='lat' dir='ltr'><strong>facti</strong></span> <span class='ocrx_word' id='word_1_169' title='bbox 604 3415 772 3496; x_wconf 82' lang='lat' dir='ltr'><strong>Idaeus</strong></span> <span class='ocrx_word' id='word_1_170' title='bbox 798 3415 1028 3510; x_wconf 83' lang='lat' dir='ltr'><strong>Dactylos</strong></span> <span class='ocrx_word' id='word_1_171' title='bbox 1055 3412 1261 3512; x_wconf 83' lang='lat' dir='ltr'><strong>appelle-</strong></span> 
     </span>
    </p>
   </div>
   <div class='ocr_carea' id='block_1_8' title="bbox 186 3530 1262 3871">
    <p class='ocr_par' dir='ltr' id='par_1_9' title="bbox 186 3530 1262 3871">
     <span class='ocr_line' id='line_1_28' title="bbox 187 3530 1262 3635; baseline 0 -32"><span class='ocrx_word' id='word_1_172' title='bbox 187 3544 313 3622; x_wconf 88' lang='lat' dir='ltr'><strong>runt,</strong></span> <span class='ocrx_word' id='word_1_173' title='bbox 339 3560 408 3634; x_wconf 89' lang='lat' dir='ltr'><strong>per</strong></span> <span class='ocrx_word' id='word_1_174' title='bbox 432 3537 559 3610; x_wconf 90' lang='lat' dir='ltr'><strong>omnia</strong></span> <span class='ocrx_word' id='word_1_175' title='bbox 572 3536 776 3635; x_wconf 88' lang='lat' dir='ltr'><strong>Apollonio</strong></span> <span class='ocrx_word' id='word_1_176' title='bbox 800 3537 1042 3623; x_wconf 85' lang='lat' dir='ltr'><strong>consentiens,</strong></span> <span class='ocrx_word' id='word_1_177' title='bbox 1068 3534 1141 3606; x_wconf 86' lang='lat' dir='ltr'><strong>nisi</strong></span> <span class='ocrx_word' id='word_1_178' title='bbox 1162 3530 1262 3631; x_wconf 89' lang='lat' dir='ltr'><strong>qnod</strong></span> 
     </span>
     <span class='ocr_line' id='line_1_29' title="bbox 186 3649 1261 3756; baseline 0.002 -33"><span class='ocrx_word' id='word_1_179' title='bbox 186 3649 249 3724; x_wconf 86' lang='lat' dir='ltr'><strong>hic</strong></span> <span class='ocrx_word' id='word_1_180' title='bbox 273 3654 477 3731; x_wconf 77' lang='lat' dir='ltr'><strong>Anchiales</strong></span> <span class='ocrx_word' id='word_1_181' title='bbox 510 3659 634 3733; x_wconf 85' lang='lat' dir='ltr'><strong>nescio</strong></span> <span class='ocrx_word' id='word_1_182' title='bbox 666 3680 779 3755; x_wconf 88' lang='lat' dir='ltr'><strong>quam</strong></span> <span class='ocrx_word' id='word_1_183' title='bbox 800 3671 949 3756; x_wconf 89' lang='lat' dir='ltr'><strong>partum</strong></span> <span class='ocrx_word' id='word_1_184' title='bbox 968 3658 1161 3730; x_wconf 82' lang='lat' dir='ltr'><strong>enixuram</strong></span> <span class='ocrx_word' id='word_1_185' title='bbox 1181 3649 1261 3728; x_wconf 64' lang='lat' dir='ltr'><strong>mnss</strong></span> 
     </span>
     <span class='ocr_line' id='line_1_30' title="bbox 188 3771 1262 3871; baseline 0.004 -21"><span class='ocrx_word' id='word_1_186' title='bbox 188 3795 259 3850; x_wconf 85' lang='lat' dir='ltr'><strong>nus</strong></span> <span class='ocrx_word' id='word_1_187' title='bbox 291 3772 406 3847; x_wconf 89' lang='lat' dir='ltr'><strong>humo</strong></span> <span class='ocrx_word' id='word_1_188' title='bbox 438 3779 602 3852; x_wconf 83' lang='lat' dir='ltr'><strong>infixisse</strong></span> <span class='ocrx_word' id='word_1_189' title='bbox 634 3777 843 3869; x_wconf 86' lang='lat' dir='ltr'><strong>fabulatur,</strong></span> <span class='ocrx_word' id='word_1_190' title='bbox 875 3779 939 3856; x_wconf 81' lang='lat' dir='ltr'><strong>tlte</strong></span> <span class='ocrx_word' id='word_1_191' title='bbox 972 3776 1130 3862; x_wconf 71' lang='lat' dir='ltr'><strong>eneam</strong></span> <span class='ocrx_word' id='word_1_192' title='bbox 1163 3771 1262 3871; x_wconf 73' lang='lat' dir='ltr'><strong>quod</strong></span> 
     </span>
    </p>
   </div>
   <div class='ocr_carea' id='block_1_9' title="bbox 262 4030 831 4105">
    <p class='ocr_par' dir='ltr' id='par_1_10' title="bbox 262 4030 831 4105">
     <span class='ocr_line' id='line_1_31' title="bbox 262 4030 831 4105; baseline 0.002 -16"><span class='ocrx_word' id='word_1_193' title='bbox 262 4030 309 4104; x_wconf 76' lang='lat'>[⁴¹]</span> <span class='ocrx_word' id='word_1_194' title='bbox 336 4033 562 4105; x_wconf 77' lang='lat' dir='ltr'><strong>Impressisse</strong></span> <span class='ocrx_word' id='word_1_195' title='bbox 585 4035 723 4091; x_wconf 77' lang='lat' dir='ltr'><strong>Patsehiue</strong></span> <span class='ocrx_word' id='word_1_196' title='bbox 741 4035 831 4090; x_wconf 81' lang='lat' dir='ltr'><strong>edidit</strong></span> 
     </span>
    </p>
   </div>
   <div class='ocr_carea' id='block_1_10' title="bbox 0 0 1474 4684">
    <p class='ocr_par' dir='ltr' id='par_1_11' title="bbox 0 0 1474 4684">
     <span class='ocr_line' id='line_1_32' title="bbox 0 0 1474 4684; baseline 0 0"><span class='ocrx_word' id='word_1_197' title='bbox 0 0 1474 4684; x_wconf 95' lang='lat' dir='ltr'><strong> </strong></span> 
     </span>
    </p>
   </div>
  </div>
 </body>
</html>
