2925 4684
265 184 367 265 1268
603 201 748 259 mana
776 198 997 256 renerus.

261 380 356 442 rum,
371 354 543 434 videatur
568 348 727 433 neomae-
743 367 812 447 est,
835 354 937 455 quod
963 320 1050 433 onte
1070 355 1262 433 Philonem
1287 378 1334 431 ne
1384 356 1386 361 ’
1453 372 1454 375 ‘

64 529 70 544 x
222 496 223 499 ’
262 479 480 555 munumina
493 499 497 505 ·
510 475 661 575 guidem
696 474 1043 565 Samhuniathonis‘
1063 475 1166 551 ferna
1190 499 1335 575 perere-

263 600 395 675 buerit
447 596 523 672 sto
549 620 685 675 ,rursum
709 610 880 675 veterum
904 597 1221 673 monimentorum
1244 619 1332 673 naua

256 721 382 816 ¹fragia
407 717 693 793 nominaremus
716 730 756 793 et
789 743 836 795 ex
868 729 1006 818 quanta
1029 719 1253 816 seriptorum
1272 741 1334 793 eo-

264 842 330 939 pia
353 861 465 937 quem
490 842 601 938 panai
625 839 734 914 nobie
758 839 878 914 relioti
903 840 989 929 sint,
1014 839 1096 913 lieri
1119 858 1232 937 posse
1252 850 1334 912 eon·

263 955 441 1034 eodemus
464 972 506 1033 ut
525 960 578 1050 hi,
602 981 694 1058 qnos
716 961 933 1060 superstites
952 956 1143 1050 habemus,
1161 981 1242 1032 rem
1262 981 1336 1033 me

265 1078 498 1157 motabilem
518 1079 668 1178 qnirlem
693 1102 762 1154 nee
786 1092 912 1153 tamen
936 1079 1050 1175 vulgo
1069 1080 1250 1175 jactatam
1274 1089 1340 1152 ant

203 1204 206 1213 '
265 1202 341 1299 ipsi
365 1194 708 1296 ignoraverint‘aut
731 1199 870 1274 referre
895 1220 971 1273 non
985 1199 1248 1299 'opportunum
1273 1197 1339 1272 dn·

265 1320 412 1423 xeriutg
429 1342 586 1418 quorum
611 1319 829 1396 alterutrum
861 1317 920 1407 de
936 1319 1049 1395 Sexto
1076 1333 1114 1394 et
1138 1320 1340 1394 Damnem

267 1440 491 1515 sumendum
515 1453 591 1533 est,
615 1442 680 1539 qui
705 1440 839 1514 Morhi‘
855 1440 1129 1539 physiologiam
1154 1438 1339 1514 oenbran

267 1573 324 1636 tes
355 1561 716 1667 Sanohuniathononr
746 1557 1005 1659 jampridem
1037 1581 1166 1662 gtaeoe
1189 1580 1340 1634 versum

267 1680 399 1757 tonent
451 1679 584 1771 Cetera
622 1692 837 1776 ammenta
880 1678 1012 1779 quihus
1051 1678 1271 1755 Meinersius
1304 1689 1343 1751 et

266 1801 516 1878 Hissrnannus
540 1801 752 1878 Poenulum
771 1802 940 1875 nostrum
964 1802 1247 1896 harpagonum,
1270 1799 1343 1873 huo
1444 1856 1447 1863 .

267 1922 346 1996 fore
386 1932 622 2012 eononrrunt,
661 1920 763 2018 quod
797 1920 972 1993 'Taauten
1019 1918 1246 2017 Aegyptium
1292 1918 1342 1992 ad

122 2049 125 2055 ’
270 2040 471 2114 Phoenices
496 2039 738 2130 transtulerit,
763 2038 863 2136 quod
888 2037 991 2113 urbis
1005 2038 1098 2134 Tyri
1122 2039 1342 2139 postSemi-
1453 2120 1454 2123 ,

269 2159 453 2235 renuidem
478 2158 648 2235 munitae
673 2160 899 2233 mentionem
923 2159 1103 2255 injeoerit,
1126 2157 1340 2255 mbulmque

264 2278 470 2371 ¹Hesiodias
500 2291 539 2352 et
562 2276 748 2354 Moenioas
773 2281 1062 2372 oommieouorit3
1095 2300 1190 2378 quae
1216 2270 1343 2357 omnia

271 2403 410 2498 partim
446 2410 683 2474 cannosum
706 2412 811 2491 mm,
835 2401 972 2500 partim
998 2400 1139 2498 aliquas
1164 2389 1344 2507 deotmot

270 2519 356 2592 libri
389 2530 516 2617 pestes
539 2520 743 2615 attingunt,
777 2523 916 2619 partim
949 2519 1059 2594 facile
1091 2519 1291 2607 eledanrtur
1320 2541 1346 2593 a

271 2638 496 2734 mythologie
521 2641 765 2736 synchyticis‚
791 2642 856 2738 qui
882 2642 1047 2715 omnium
1073 2642 1237 2737 gentium
1261 2640 1345 2714 reli·

264 2758 398 2853 giones
420 2770 569 2841 veteres
594 2782 784 2859 novasque
808 2783 832 2834 a
852 2760 1035 2858 principio
1063 2759 1214 2840 easdem
1230 2748 1346 2834 fuisso

272 2891 399 2955 rentur
431 2892 470 2955 et
502 2882 774 2959 recentissimas
807 2901 971 2980 quasque
995 2880 1141 2957 fabulae
1156 2904 1191 2985 a
1215 2880 1345 2980 primi-

270 3002 399 3095 geniae
432 2999 623 3076 doetrinae
663 3001 853 3076 fonticulis
884 3011 1067 3099 repetunt.
1126 2998 1201 3074 sed
1232 2999 1369 3072 iuter·-

271 3122 377 3193 venit
401 3121 476 3194 alia
501 3120 694 3197 dubitatio.
729 3118 984 3195 consedemus
1009 3119 1347 3194 Sanohuniathonis

273 3237 441 3333 Origines
475 3240 523 3314 ab
553 3240 620 3314 illo
646 3239 754 3315 albae
778 3240 937 3337 gallinae
960 3241 1039 3314 lilio
1064 3238 1218 3313 Philone
1243 3240 1349 3334 vige-

272 3359 369 3431 simo
409 3375 496 3461 post
535 3362 726 3463 scriptoris
761 3357 904 3434 obitum
945 3359 1071 3434 seculo
1108 3357 1271 3432 detestas
1305 3372 1350 3433 et

272 3474 391 3551 editus
416 3500 509 3568 esse,
535 3501 693 3578 eumque
716 3479 853 3553 librum
878 3478 1062 3554 Athenaei
1087 3490 1125 3552 et
1146 3477 1352 3577 Porphyrii

273 3598 495 3707 testimoniis
523 3599 578 3671 'ab
594 3601 713 3679 ,omni
747 3599 921 3673 salsitatis
946 3601 1156 3698 suspicione
1180 3599 1350 3690 liberari,

274 3718 361 3814 qaue
389 3717 498 3792 nohis
528 3741 600 3817 pro
631 3718 699 3793 ille
730 3720 914 3818 particule
945 3718 1051 3793 satis
1069 3718 1193 3808 dabit,
1232 3740 1349 3817 quam

274 3837 456 3913 Eusebius
488 3839 666 3938 proponit
699 3840 767 3913 sub
801 3840 952 3913 nomine
984 3839 1208 3935 Theologiae
1233 3837 1351 3911 Puni-

276 3954 364 4047 cael
391 3958 494 4031 Prior
521 3957 585 4033 111.
616 3960 700 4038 126.
725 3958 770 4031 A.
797 3961 836 4032 in
862 3960 1030 4053 transituv
1046 3972 1232 4033 memorat
1255 3959 1352 4044 τοὺς
