2925 4684
245 209 323 286 964
565 183 998 278 n1nr'reucuunua

247 382 364 456 latum
390 376 573 469 dieamur3
605 373 674 452 red
705 376 836 451 barum
860 385 993 448 rerum
1013 376 1116 450 nulla
1140 386 1198 451 eet
1221 377 1319 454 inter

104 580 111 590 ,
248 524 290 579 ec
322 499 542 595 conjunctio.
599 481 643 571 In
669 494 892 570 carminibus
907 496 1236 594 partim-deorum
1250 520 1321 571 or·

176 643 183 654 “
250 634 330 709 tuo,
363 617 555 708 libidines,
592 616 722 694 caeder
749 627 987 705 enarrantur,
1012 617 1157 715 partim·
1177 627 1321 690 oenten-
1361 617 1365 634 ’

251 742 326 814 tiae
350 748 615 837 proponuntur.
635 738 813 835 physicae
838 737 1064 833 amicaeque,
1088 745 1165 811 non
1182 738 1320 834 impro-

250 859 391 934 babiles
426 880 495 957 pro
520 858 596 931 illie
621 855 854 954 temporibus
878 855 947 930 red
972 854 1213 931 emendandis
1238 855 1322 929 reli·

251 978 419 1075 gionibue
454 991 491 1052 et
522 976 688 1051 moribus
713 998 846 1075 parum
870 976 1053 1051 idoneae
1088 974 1218 1074 ltaque
1240 997 1322 1049 nm-

104 1094 106 1098 ’
251 1100 316 1171 nia
338 1118 432 1195 quac
458 1095 505 1171 de
530 1096 671 1195 Orphei
696 1097 778 1171 eive
798 1094 1043 1194 Orplricorum
1066 1099 1261 1171 sanctitate
1285 1105 1323 1170 et
1353 1123 1358 1130 *

250 1218 434 1315 snpientia
474 1228 513 1290 et
545 1193 748 1311 systemate
780 1214 987 1311 theologico
1020 1218 1090 1315 (rie
1122 1218 1230 1289 enim·
1255 1215 1336 1289 vo·’

252 1345 338 1410 cant
369 1358 448 1410 rem
486 1334 795 1438 commenticiam)
820 1338 990 1433 quamvis
1016 1337 1091 1411 late
1117 1345 1157 1409 et
1180 1335 1321 1428 magni-

250 1456 319 1529 flce
344 1453 596 1547 disserunbrr‚'
617 1458 652 1531 ei
675 1456 809 1546 suffles,
836 1468 1018 1546 corruent,
1043 1457 1217 1554 quoniam
1242 1456 1322 1527 sine

250 1574 503 1652 fundamentis
529 1599 688 1650 crevere.
722 1575 908 1674 Equidem
932 1578 1030 1649 iuter
1055 1576 1228 1671 damnata
1253 1572 1322 1648 Or·

215 1725 219 1736 ¹
252 1695 363 1793 phion
393 1707 539 1774 tantum
564 1696 678 1772 modo
703 1696 834 1787 retuli,
860 1710 1037 1795 quantum
1063 1695 1214 1796 probari
1238 1701 1322 1792 pot-

252 1828 309 1892 cot
334 1838 358 1890 a
382 1817 569 1893 veteribus
592 1818 680 1892 hnic
703 1839 858 1892 numero
884 1817 1113 1916 adscriptum
1143 1839 1241 1906 erec,-
1257 1836 1322 1912 no·

199 1966 215 2010 a·
250 1956 410 2033 meoque
424 1936 671 2034 (lrpbicorum
697 1938 915 2012 arctioribus
942 1961 1053 2036 quom
1071 1938 1226 2014 Vossius
1252 1948 1322 2010 ter·

246 2057 394 2131 ruinavi
426 2057 647 2151 regionibus.
713 2060 751 2132 lo
787 2061 886 2133 cnim
918 2059 1057 2156 plrucu¹
1078 2058 1325 2133 fanaticorum

249 2184 385 2265 rectae,
419 2198 513 2274 quae
536 2175 763 2252 'Graecorum
794 2179 990 2274 religiones
1014 2179 1155 2277 patriae
1180 2176 1321 2251 adulte-

250 2299 398 2386 rortmt,
438 2296 509 2370 boe
546 2298 702 2371 nominc
737 2300 951 2397 complexus
987 2309 1044 2374 eet
1076 2296 1207 2372 eodem
1236 2298 1323 2391 jure
1407 2349 1409 2351 -

250 2437 325 2513 quo
358 2413 507 2489 subdoli
531 2418 682 2514 pietatis
706 2420 960 2510 simulatores,
994 2419 1160 2494 veritatis
1186 2417 1322 2492 calum·
1455 2493 1458 2498 .

249 2537 426 2625 niatoree,
452 2538 533 2611 rive
557 2539 659 2611 tonsi
676 2549 763 2613 eunt
785 2541 868 2614 rive
889 2540 1040 2628 intonsi,
1065 2535 1230 2612 Jeeuitae
1253 2556 1321 2611 ve-

211 2688 215 2696 ·
250 2666 397 2745 centur3'
409 2651 521 2751 idque
537 2657 662 2731 virum
679 2659 857 2734 eximium
872 2659 1041 2734 Hoeckio
1055 2671 1320 2757 responsurum

171 2803 175 2811 ·
249 2775 366 2873 luieee
381 2771 551 2864 arbitror,
576 2777 610 2849 ei
634 2778 679 2868 ir,
704 2800 800 2875 quae
824 2790 972 2855 mortuo
997 2778 1238 2875 injrutimime
1254 2797 1319 2849 ex-

75 2931 78 2935 >
154 2923 159 2932 ·
198 2946 200 2950 ,
250 2894 420 2991 probrat,
454 2896 546 2970 vivo
571 2898 817 2996 opposuisset.

597 3239 973 3266 m
