2925 4684
526 180 891 296 ιιιιιιιιιιι-ν
993 330 997 334 ⁸
1125 221 1227 307 1038

142 388 330 478 'mirum
364 398 516 488 dictu,
551 377 695 470 artem
723 377 1063 494 coquinarium!
1087 398 1230 500 idque

163 546 246 619 ego
302 497 664 595 evidentissime
709 514 1039 593 demonstrabo
1088 521 1229 616 argu-

163 642 335 715 mentis
366 638 535 713 iisdem
570 636 740 735 quibus
772 639 997 733 majorum
1024 642 1228 735 gentium

162 744 443 854 Mythologi
441 753 599 831 hodie
629 757 703 830 uti
737 757 913 848 solent3
945 782 1031 856 pro
1065 741 1229 858 primo,

166 905 221 954 ex
257 877 529 952 nominibus
561 889 607 949 et
638 877 989 971 cognominibus
1025 871 1229 972 deorum,

165 1022 281 1097 quae
318 999 475 1071 omnia
514 996 569 1070 ab
608 983 855 1086 assando,
851 999 1119 1095 coquendo,
1150 1002 1230 1077 fri

164 1117 331 1216 gendo,
364 1128 442 1189 aut
476 1116 532 1190 ab
571 1115 828 1189 esculentis
866 1118 1230 1219 potulentisque

166 1240 304 1313 ducta
336 1258 436 1310 esse
451 1217 756 1334 apparebit;
787 1255 869 1334 pro
910 1238 1153 1331 secundo,
1176 1261 1229 1313 ex

163 1359 391 1453 religiosa
437 1354 766 1466 veneratione,
805 1379 893 1453 qua
931 1360 1077 1455 prisci
1115 1381 1229 1436 vasa

128 1569 129 1572 Ἴ
163 1492 209 1554 et
247 1483 564 1553 instrumenta
603 1459 897 1565 coenatoria,
938 1477 1080 1569 ollas,
1111 1483 1230 1578 pati·

163 1623 265 1689 nas,
314 1619 525 1710 mensas,
575 1593 787 1692 tripodes
831 1605 1085 1700 totamque
1119 1600 1229 1675 t'uli-

163 1743 265 1794 nam
296 1703 579 1824 prosequuti
598 1725 726 1804 sunt,
759 1737 875 1811 quae
899 1718 1019 1816 ipse
1028 1740 1052 1790 a
1077 1719 1228 1792 colen-

165 1841 232 1912 do
248 1837 379 1909 dicta
400 1847 487 1924 est,
524 1836 631 1934 quia
658 1836 1014 1932 antiquissimis
1048 1849 1228 1952 tempo·

164 1958 316 2046 ribus,
350 1967 397 2028 ut
427 1956 519 2028 foci
551 1976 636 2051 pro
670 1955 783 2045 aris,
816 1958 883 2029 sie
918 1957 1102 2031 culinae
1143 1979 1228 2057 pro

54 2166 80 2186 ο
165 2076 355 2179 templis
403 2085 549 2165 erant3
596 2096 680 2172 pro
728 2077 895 2167 tertio,
942 2102 994 2149 ex
1016 2080 1253 2177 antiquo-

101 2247 105 2254 ·
163 2197 273 2272 deos
315 2193 502 2269 colendi
541 2196 658 2285 ritu,
704 2198 783 2292 qui
813 2207 943 2269 totus
977 2197 1229 2272 constabat

163 2317 493 2438 epulisatque
526 2315 776 2390 conviviis
843 2316 1042 2388 Primum
1082 2319 1227 2412 igitur
1283 2316 1284 2319 ’

80 2434 83 2438 ’
164 2453 356 2536 quaero,
389 2434 508 2532 quod
541 2437 917 2519 vetustissimum
944 2435 1132 2530 deorum
1155 2460 1228 2510 no
1263 2466 1265 2469 ’

163 2580 264 2631 men
295 2539 438 2628 fuiti
435 2577 605 2660 nempe
637 2553 813 2645 Πόποι,
839 2566 906 2627 ut
915 2549 1118 2646 constat,
1152 2563 1227 2654 un-

162 2808 428 2883 erogantem
458 2794 578 2868 nihil
611 2795 764 2869 aliud
760 2805 846 2866 est
879 2814 1007 2888 quarn
1041 2816 1227 2892 coquus,

163 2940 203 2989 a
213 2916 358 3004 πέπαι,
393 2937 574 3028 coquo,
590 2918 713 2990 sicut
745 2917 960 2998 eximior
984 2914 1043 2986 fit
1068 2929 1254 3014 equus„

161 3037 322 3136 πέμπε
339 3037 559 3132 quinque,
590 3034 770 3131 pitpit
765 3019 1023 3129 quidquid,
1064 3029 1236 3129 Epona'

161 3156 359 3253 Equona.
423 3143 591 3228 Iidem
610 3173 721 3226 vero
764 3150 916 3223 etiarn
957 3149 1087 3224 dicti
1105 3163 1229 3229 sunt

161 3274 386 3375 δαίμονες
409 3296 433 3347 a
456 3273 647 3348 nomine
666 3270 776 3359 δαίς
797 3271 833 3343 h.
858 3273 889 3342 t.
916 3265 1167 3379 epulones,
1182 3289 1227 3349 ec

161 3393 309 3472 eicos
295 3419 321 3466 1
357 3416 390 3465 e.
415 3402 696 3512 structores,
730 3381 1033 3467 ferculorum
1045 3415 1257 3495 compo·

161 3516 406 3603 nitores,'
382 3514 470 3591 απὸ
496 3521 579 3590 τοῦ
603 3511 762 3614 κόσμῳ
787 3501 951 3608 &cirac
975 3505 1031 3591 oei
1055 3511 1223 3605 πάντα,

161 3643 213 3706 ut
249 3625 524 3708 Herodotus
564 3632 648 3721 ait,
688 3632 1226 3729 quod-“structorum'ec

161 3750 467 3830 diribitorum
491 3753 737 3851 proprium
763 3764 833 3825 est
858 3740 1224 3834 efficientiae

134 3856 260 3949 'rum
285 3892 506 3961 summus,
546 3868 708 3946 mundi
742 3871 904 3970 opifex
938 3867 1224 3974 δημιουργός

158 4005 381 4082 vocatur,
414 3988 536 4090 quod
566 4011 731 4065 nomeu
764 3973 1005 4142 significat
1035 3989 1222 4091 placen-
