2925 4684
562 286 840 341 onnn1cs.
1134 277 1232 352 1075

158 449 204 517 in
238 443 499 518 sacrificiis
525 440 730 529 fiebant,
765 425 883 539 quos
905 439 1082 523 lixulas
1109 476 1132 525 a
1158 454 1233 528 Sa·
1268 524 1271 530 .

157 564 285 639 binis
310 563 407 636 dici
433 562 580 636 Varro
605 574 819 635 testatur.

258 685 320 758 De
352 694 542 781 postremo
574 682 846 781 Harpocratio:
888 683 1059 782 Νεήλατα
1091 693 1140 766 τὰ
1171 721 1232 770 νε-
1317 775 1321 780 ,

160 806 254 882 moal
287 807 532 903 οἷλήλεομὲνα,
566 805 591 881 ἃ
625 803 673 899 δὴ
698 806 817 902 μέλιτι
844 804 1091 894 ἀναδεύοντες
1116 814 1232 888 doco—
1280 893 1289 904 J

158 924 275 1026 φίδας
306 926 369 1002 καὶ
394 924 616 1026 ἐρεβίνθους
642 923 869 1025 ἐμβαλόντες
893 931 972 1009 τοῖς
992 927 1040 1002 τὰ
1066 930 1147 1028 ἱερὰ
1172 962 1232 1008 τε-

158 1054 289 1123 λοῦοιν
321 1049 454 1146 ἔνεμον
459 1101 472 1135 ,
493 1040 667 1121 «ἐκήλουν
699 1043 743 1119 δὲ
778 1044 876 1121 αὐτὰ
908 1043 951 1120 τὸ
986 1045 1058 1144 μὲν
1084 1051 1231 1151 ἄμβρο-

159 1165 268 1255 σίαν,
299 1167 343 1243 τὸ
378 1164 420 1242 δὲ
451 1164 665 1265 μακαρίαν,
700 1176 739 1236 et
770 1164 912 1261 pariter
943 1163 1082 1241 Anecd.
1114 1168 1231 1244 Beklc

154 1309 193 1383 p.
233 1286 320 1358 282.
358 1284 516 1381 νεήλατα
542 1330 595 1341 -
619 1283 755 1362 νεωστὶ
792 1277 1037 1385 οἷλήλεσμένα·
1076 1299 1232 1368 καλοῦσι

155 1404 197 1482 δὲ
239 1406 456 1506 ἀμβροσίαν
495 1404 634 1490 λίπους.
669 1401 913 1476 Schneiderus
946 1415 992 1477 et¹
1015 1406 1231 1484 Passowius

156 1547 202 1598 en
226 1526 292 1598 illo
318 1525 581 1598 Demosthenis
606 1524 696 1597 loco.
716 1520 874 1620 ἐνήλατα
899 1518 1074 1618 afferunt,
1107 1531 1230 1604 nescio

156 1667 228 1743 quo
249 1630 353 1742 J'ure'3
368 1668 466 1738 ,nam
490 1643 545 1718 ibi
569 1643 729 1743 νεήλατα
753 1643 904 1739 legitur,
935 1643 1048 1741 idque
1080 1669 1157 1721 non
1187 1660 1231 1722 ut

158 1764 400 1838 Grammatici
447 1766 679 1864 praecipiunt
711 1761 794 1868 ,sed
838 1783 861 1836 a
902 1763 1018 1838 verbo
1060 1766 1229 1847 ἐλαύνειν

157 1887 406 1981 compositum
427 1884 476 1985 [l]
520 1898 593 1974 est,
645 1896 688 1960 ut
719 1888 876 1985 Ἕλατρα
916 1887 1091 1984 πέμματα
1137 1888 1231 1989 πρὸς

39 2019 45 2030 “
157 2003 304 2082 θυσίαν
343 2004 503 2099 Hesych.
541 2004 693 2106 Ἐλατήρ
727 2007 856 2104 πέμμα
888 2007 1171 2092 πλακουντῶδες
1203 2009 1229 2106 ἢ
1298 2096 1302 2100 ,

157 2127 291 2225 ἄρτος,
317 2127 477 2216 πλατὺς,
504 2129 546 2203 ἒν
571 2120 602 2226 ᾧ
628 2130 733 2211 ἔτνος
758 2123 935 2202 ἐτίθεσαν
959 2123 1024 2200 καὶ
1047 2135 1233 2231 προςῆμον

156 2253 210 2344 τῷ
242 2250 364 2346 βωμῷ
397 2244 500 2318 Suid.
535 2244 579 2317 cl.
604 2245 760 2341 Interpr.
786 2242 836 2315 ad
861 2243 974 2316 Arist.
1000 2244 1091 2341 qu.
1121 2244 1229 2320 1190.

155 2364 216 2436 llli
237 2363 304 2437 ‘ad
339 2367 433 2442 ολλέιο
473 2363 705 2454 aberrarunt,
745 2362 845 2435 unde
879 2366 1019 2464 ἄλευρα
1051 2361 1230 2442 νεάλεοτα
1280 2368 1282 2373 ’

157 2482 278 2556 Schol.
303 2477 382 2558 Nic.
409 2485 514 2558 Alex„
540 2486 627 2560 412.
652 2483 726 2557 nisi
750 2484 807 2555 rei
831 2485 958 2581 potius
984 2506 1097 2582 quam
1123 2482 1230 2558 verbi

157 2599 327 2677 reatinam
362 2604 547 2679 declarare
579 2608 626 2679 iis
660 2603 897 2703 propositum
922 2603 1017 2677 fuir·
1057 2601 1230 2679 Ceterum

158 2724 192 2795 si
227 2725 307 2819 quis
336 2727 588 2799 recentissima
623 2747 789 2823 quaeque
821 2724 993 2795 instituta
1037 2747 1061 2797 a
1103 2723 1231 2799 tabida

158 2853 343 2917 vetustate
374 2857 541 2943 repetere
574 2841 727 2941 gaudet,
760 2842 794 2913 is
826 2865 910 2917 cum
940 2842 1135 2940 voluptate
1166 2865 1232 2915 au·

157 2960 236 3035 (liet
268 2961 361 3037 haec
393 2989 507 3064 opera
540 2966 716 3063 pistoria,
752 2985 845 3059 quae
877 2961 990 3036 hodie
1016 2964 1111 3034 circa
1136 2973 1230 3034 tem-

156 3089 227 3183 pus
261 3069 487 3183 Cantiprivii
522 3085 605 3160 sive
635 3082 867 3157 Hilariorum
893 3107 939 3154 ex
965 3082 1047 3154 oleo
1074 3091 1140 3154 out
1164 3080 1232 3154 bu·

156 3216 240 3298 tyro
275 3205 475 3303 liquefacto
509 3204 617 3304 coqui
649 3203 771 3276 solent
801 3225 1008 3301 nomenque
1039 3201 1177 3275 habent
1209 3224 1233 3275 a
1322 3253 1323 3258 ,

157 3327 358 3421 sartagine,
391 3328 565 3424 reliquias
599 3348 680 3400 esse
713 3324 863 3397 illorum
888 3323 1230 3413 Bacchanaliorum,
1283 3395 1286 3400 .

158 3446 289 3542 quibus
307 3446 400 3520 ·duo
434 3448 629 3522 clarissimi
662 3445 840 3520 Graeciae
866 3455 1030 3519 oratores
1055 3437 1230 3517 interfue-

230 3650 269 3719 [†]
295 3649 394 3704 Nescio
425 3669 472 3705 cur
501 3652 545 3705 rir
571 3651 661 3705 doctus
691 3651 742 3703 hoc
771 3651 899 3705 vocabulo
923 3666 970 3702 nos
995 3648 1034 3701 uti
1059 3651 1148 3709 vetet,
1179 3659 1230 3711 quo

160 3719 352 3783 Quinctilianns
376 3729 403 3774 et
425 3723 575 3775 Priscianus
603 3717 729 3792 persaepe
751 3722 793 3772 usi
817 3728 885 3774 sunt.
924 3720 981 3773 Illis
999 3715 1231 3771 Antibarbarorum

158 3789 322 3858 praeceptis,
358 3805 426 3858 quae
450 3809 531 3864 nuper
551 3793 681 3847 Krebsius
703 3790 824 3859 collegit,
852 3792 880 3843 in
905 3787 1124 3860 disputationibus
1145 3798 1232 3849 gram-

159 3857 261 3912 maticis
278 3859 306 3910 et
323 3863 478 3943 antiquariis
496 3879 585 3933 neque.
596 3862 707 3915 Wolflus
731 3875 760 3913 se
785 3861 925 3913 adstrinxit
947 3873 1031 3927 neque
1054 3851 1231 3916 Ruhnkenina

160 3937 194 3981 ac
210 3941 243 3978 ne
266 3926 325 3979 fieri
348 3928 453 3997 qonlem
476 3939 563 4001 potest
585 3939 616 3986 ut
638 3931 724 3985 omnia
748 3931 836 3983 verbis
859 3926 1048 4000 probatissimis
1072 3930 1099 3976 et
1122 3922 1232 3975 maxime
1289 3931 1295 3950 ¹
1350 3946 1354 3957 ι

159 3998 339 4054 Ciceronianis
362 4000 548 4069 exprimantur.
583 3999 643 4057 Alta
665 4009 706 4055 est
729 4001 872 4054 orationum
897 4008 925 4051 et
946 3996 1028 4051 totius
1052 3992 1234 4049 ratrammo

162 4068 253 4130 εἴδους
270 4070 394 4124 emditio.

929 4154 978 4227 19
1005 4157 1027 4205 *
