2925 4684
264 235 339 322 868
403 292 411 302 -
580 259 725 314 claun
750 257 1010 311 snoursuus.

265 390 392 494 tudine
425 417 473 489 de
504 415 667 490 anclabri
681 414 863 487 dicatum
887 436 922 485 v.
948 411 1157 486 Hemsterh.
1184 412 1233 486 ad
1257 414 1332 487 Lu·

265 543 356 615 cian.
381 537 481 611 Dial.
507 537 619 610 Deor.
645 533 729 608 XX.
752 534 837 607 303.
864 531 905 604 Τ.
926 534 972 604 ΙΙ.
993 532 1220 626 Pherecydes
1241 556 1331 613 uero

265 659 359 734 illud
384 656 532 731 triviale
557 678 694 730 nomen
718 653 882 754 τράπεζα
909 654 1060 726 omnino
1086 658 1125 727 in
1151 655 1238 727 aula
1251 675 1332 727 coe·

169 771 175 783 '
265 780 350 854 lesti
383 775 505 870 audiri
536 788 662 873 negat,
703 773 788 863 sed,
824 785 867 847 ut
899 773 1037 846 fercula
1069 770 1128 847 dis
1160 775 1333 873 apposita

263 897 364 997 θύη,
391 900 444 971 sic
469 919 638 970 mensam
651 892 823 994 θοωρόν
850 895 993 981 vocari,
1019 893 1163 967 serent
1189 895 1332 987 Sanny·

205 1044 206 1049 ¹
244 1020 322 1091 iio
348 1015 439 1091 deos
465 1016 559 1091 dixit
581 1003 779 1090 sacrificale
804 1035 941 1089 nomen
957 1016 1123 1105 πέλανος,
1151 1010 1332 1112 quod-ho·

203 1130 206 1139 ’
266 1138 385 1210 mines
418 1158 494 1210 non
525 1139 597 1210 nisi
632 1134 679 1208 de
710 1136 815 1208 fertis
841 1133 1039 1232 dicuntffl,
1065 1133 1114 1207 ad
1140 1156 1249 1207 omne
1274 1157 1333 1228 ge·
1367 1146 1371 1154 ’

267 1278 336 1330 nus
363 1257 486 1355 operis
512 1258 659 1355 pistorii
685 1255 894 1328 uanslerre.
929 1255 1058 1351 quue
1084 1254 1239 1333 fortasse
1263 1254 1333 1326 ho-

254 1378 385 1451 mines
410 1375 609 1470 admonere
627 1375 772 1463 uoluit,
798 1376 1008 1472 utquoties
1033 1373 1082 1447 ad
1108 1372 1334 1472 epulandum

268 1494 512 1585 considerent,
537 1516 685 1569 mensae
711 1485 916 1568 convivalis
941 1497 1220 1568 sanctimoniam
1247 1494 1333 1567 deo·

268 1636 351 1690 rum
375 1615 614 1713 hospitalium
640 1604 1189 1711 et-dnmestieorum,religione
1209 1636 1334 1690 consae

269 1745 406 1810 matam
433 1735 505 1809 sibi
529 1747 615 1808 ante
640 1734 766 1807 oculos
798 1746 1057 1831 proponerent.
1099 1736 1256 1809 'Etenim
1280 1736 1334 1808 sic

269 1860 434 1954 reperio,
468 1868 613 1931 veteres
639 1854 808 1927 doctores
833 1866 914 1928 tum
939 1856 1095 1929 aliarum
1120 1879 1242 1930 rerum
1267 1877 1334 1928 no·-

168 1952 179 1967 ”
269 1975 431 2048 minibus
457 1986 536 2047 tum
562 1976 722 2047 maxime
740 1962 806 2064 iis,
831 1997 925 2071 quae
950 1975 997 2049 ad
1023 1976 1175 2050 deorum
1197 1977 1335 2050 cultum

240 2090 243 2097 ’
269 2095 465 2191 pertinent,
489 2092 744 2167 sublimiorem
769 2095 949 2191 quendam
975 2097 1198 2171 intellectum
1214 2096 1336 2192 subje-

244 2215 363 2288 cisse
403 2226 441 2286 et
477 2208 560 2311 quo‘
590 2202 737 2287 facilius
769 2214 962 2290 bominum
993 2220 1137 2291 animos
1170 2241 1193 2291 a
1224 2217 1335 2292 rebus

227 2396 230 2401 ,
270 2332 494 2431 quotidianis
520 2345 559 2406 et
583 2335 754 2430 pervagis
779 2334 829 2406 ad
848 2338 990 2433 majora
1009 2352 1048 2411 et
1064 2337 1248 2413 diviniora
1261 2350 1335 2411 tra·

272 2451 537 2553 ducerentbis
563 2464 737 2550 tanquam
764 2457 877 2552 signis
896 2471 935 2530 et
952 2460 1208 2532 memoraculis
1227 2481 1336 2556 prae·
1458 2482 1459 2487 ¹

273 2585 461 2668 ceptorum
486 2571 691 2647 salubrium
717 2596 804 2649 usos
830 2598 920 2667 esse,
946 2600 1018 2676 qua
1042 2580 1186 2652 ratione
1200 2578 1334 2672 Pytha·

271 2691 385 2784 gorei,
410 2703 453 2763 ut
476 2690 690 2767 Plutarchus
715 2696 769 2768 ait
793 2693 942 2786 Quaest.
960 2699 1065 2772 Rom.
1082 2699 1233 2774 LXXII.
1247 2697 1333 2773 352.

272 2811 387 2910 μικρά
425 2810 599 2916 μεγάλων
638 2819 829 2894 ἐποιοῦντο
871 2818 1062 2918 σύμβολα,
1103 2834 1141 2893 et
1178 2819 1226 2893 de
1257 2822 1334 2893 suis

273 2930 485 3027 aequalibus
515 2929 805 3028 chrysostomus
838 2937 900 3010 Or.
934 2936 981 3011 de
1011 2939 1109 3013 Pecc.
1134 2939 1237 3013 fratr.
1260 2960 1336 3013 non

274 3049 393 3145 evulg.
419 3050 461 3125 Τ.
486 3052 655 3158 ululo.
674 3055 722 3128 D.
749 3056 807 3129 ed.
833 3058 963 3131 Montf.
988 3057 1053 3136 όιοὶ
1077 3069 1188 3137 τοῦτο
1213 3071 1335 3139 ταῦτα

275 3169 426 3270 λέγομεν
450 3171 499 3248 τά
523 3172 806 3277 παραδείγματα
832 3175 896 3276 (de
914 3177 1076 3276 lucerna)
1102 3185 1144 3260 ἐν
1157 3182 1211 3268 οἷς
1227 3209 1333 3283 στρε-

276 3284 441 3385 φόμεθα,
467 3295 508 3369 ἐν
525 3294 580 3379 οἷς
602 3298 724 3393 ἐσμεν,
749 3301 812 3374 ἵνα
837 3298 901 3374 καὶ
925 3303 1018 3376 οἴκοι
1042 3299 1234 3402 γενόμενοι
1259 3301 1332 3377 άπὸ

274 3413 352 3483 τῶν
384 3411 425 3485 ἐν
452 3413 560 3514 χερσὶ
590 3412 822 3518 πραγμάτων
847 3416 1099 3519 λαμβάνωμεν
1122 3420 1333 3520 ὑπόμνησιν

344 3608 390 3694 [J]
401 3612 465 3694 νΑρ.
481 3612 610 3683 Harpocr.
628 3632 649 3666 r.
666 3633 692 3670 v.
711 3620 830 3674 πέλανον
846 3624 984 3693 καλοῦμεν
995 3620 1073 3694 ἡμεῖς
1084 3625 1112 3678 οἱ
1124 3627 1186 3679 θεολ
1198 3618 1217 3675 ἃ
1229 3624 1334 3675 καλεῖτε

274 3691 381 3750 milwe
396 3680 490 3752 θάφθ’
509 3679 586 3755 ὖμεῖς
609 3686 637 3739 οἱ
651 3690 757 3758 βροτοί·
780 3690 830 3743 nisi
847 3686 949 3817 {iimcc
965 3694 1001 3746 ab
1017 3689 1097 3764 άλφω
1114 3693 1243 3746 derivavit
1259 3694 1334 3761 quui

275 3756 476 3832 magmenta,
501 3769 551 3805 non
567 3753 644 3808 video
661 3773 772 3826 quanam
788 3760 815 3814 in
832 3777 862 3815 re
940 3758 1071 3835 σεμνότης
1092 3765 1179 3834 posita
1201 3764 1243 3815 αἳ.
1277 3762 1333 3813 Du·

274 3818 331 3902 brtq
353 3836 387 3873 cn
409 3825 520 3894 γυμνοῖς
547 3826 729 3896 ampurien
753 3847 776 3883 c.
799 3833 880 3897 uude,
908 3833 1014 3887 directe.
1061 3821 1179 3886 Clemens
1208 3833 1275 3885 Ere.
1300 3848 1334 3884 ex

273 3885 370 3973 Scrqpt.
393 3891 521 3946 Theodot
545 3911 571 3964 p.
589 3896 648 3950 985.
672 3897 742 3954 nott.
767 3898 894 3957 διδάσκει
912 3903 1061 3973 (Christus)
1080 3901 1147 3965 τοὺς
1168 3899 1335 3962 ἀποστόλους

272 3974 370 4044 πρωτα
393 3961 447 4032 μὲν
473 3967 589 4027 τοπικῶς
604 3970 658 4028 ,καὶ
686 3973 822 4040 μυστικάς
845 4000 879 4012 -
904 4002 937 4014 -
963 3971 996 4027 τά
1021 3972 1052 4029 δὲ
1075 3979 1151 4046 τρίτα
1168 3975 1265 4045 σαφῶς
1287 3974 1334 4026 καλ

157 4054 167 4069 x
273 4045 391 4099 γυμνως.
