2925 4684
472 327 474 330 .
546 249 816 304 cnrurcr.
1138 234 1213 309 875

145 407 380 504 irrepserint,
433 404 698 480 Valckenarius
746 407 800 480 sic
839 406 1022 503 explicare
1063 420 1216 484 conatur

144 526 476 614 „Eustachium
525 528 708 601 veteris
760 523 1005 620 cuiusdam
1057 526 1216 602 Gram-

144 643 342 733 „maciei
375 656 527 719 natam
562 668 768 740 arguere
800 668 892 718 nnn
925 668 1217 720 ausum-nan·
1324 709 1330 723 .

144 763 297 853 „nihil
324 773 471 838 tamen
496 769 815 839 immutasse.“
860 767 929 839 Est
953 754 1042 842 sane
1066 766 1218 844 mirabi-

144 885 195 956 lis
234 886 405 972 mutatis,
447 887 532 960 sive
548 900 551 907 ·
565 886 629 960 illa
664 888 768 962 ἄλλοι
800 888 977 984 scriptum
1011 889 1216 976 invenerat,

145 1004 238 1077 sive
252 1004 431 1093 Ἀττικοί,
464 1028 534 1078 nec
557 1005 668 1082 facile
694 1008 775 1102 quis
802 1004 1046 1082 Valckenarius
1072 1030 1218 1084 concat-

110 1211 112 1218 .
147 1125 255 1211 sera,
287 1124 544 1214 necantem,
579 1138 621 1198 ut
652 1124 855 1218 elegantius
887 1128 1097 1223 loqueretur
1120 1129 1218 1204 seili-

147 1252 222 1332 cet,
255 1266 326 1340 pra
349 1245 646 1324 Atheniensibus
678 1244 840 1322 Butsdas
879 1249 1109 1345 appellasse3·
1129 1246 1220 1344 quid

145 1366 245 1436 enim
277 1377 355 1438 tarn
388 1381 607 1462 perversum
641 1387 722 1440 assa
755 1377 897 1462 petest,
935 1389 1045 1462 quarn
1078 1370 1218 1465 siquis

144 1485 209 1555 vel
240 1483 473 1560 Butadarum
508 1486 569 1559 vel
603 1485 873 1578 Bryteadarum
909 1487 970 1558 vel
996 1487 1090 1560 alius
1116 1489 1221 1581 cujus

145 1603 319 1697 ignobilis
346 1608 431 1701 pagi
456 1623 593 1680 namen
620 1605 668 1680 ad
698 1609 912 1682 universum
938 1605 1219 1684 Atheniensium
1269 1704 1272 1708 ‚

145 1726 325 1820 pupulum
360 1726 558 1800 transscrrc
579 1725 707 1810 ¹veliti
741 1724 869 1822 Neque
901 1745 975 1800 nnn
1000 1726 1073 1797 hcc
1096 1727 1220 1823 ipsum

148 1847 308 1920 sensisse
343 1845 496 1930 vidntur¹
517 1847 577 1922 vir:
603 1845 963 1942 praestantissimus,
989 1845 1221 1941 importunes

150 1963 237 2036 illos
251 1964 433 2050 Buteadas
460 1967 633 2050 tarasius
648 1968 811 2053 haerere,
838 1977 1017 2062 quarunt
1040 1964 1219 2044 levinitu

149 2084 284 2179 expelli
315 2108 357 2159 se
391 2087 598 2182 pasinianu
634 2110 721 2166 nam
747 2105 866 2185 paena
891 2084 1130 2183 desperanter
1155 2084 1221 2162 ad·

147 2202 220 2275 dit:
245 2204 296 2277 I·‹l
323 2230 455 2290 omne
480 2208 647 2290 fictum
674 2218 761 2295 est3
791 2204 903 2303 χηλάς
928 2230 1019 2280 vex
1045 2219 1117 2280 cat
1141 2207 1216 2284 lec·

146 2331 344 2413 marica,
372 2350 463 2399 nnn
496 2328 748 2416 Laconica,
784 2348 892 2404 area
916 2348 940 2398 a
965 2324 1217 2422 quibusvis

147 2445 309 2543 κίβωτος
334 2445 584 2534 dicebatur
609 2457 655 2520 et
680 2445 831 2547 λάρναξ.
857 2445 901 2519 ld
928 2448 1119 2520 enimvero
1142 2463 1220 2522 nen

148 2564 376 2661 impediebat
410 2568 700 2655 Grammaticos,
738 2569 943 2664 queminus,
968 2589 1082 2652 unum
1106 2565 1222 2640 naco-

152 2686 263 2774 nicis,
312 2688 469 2775 alterurn
518 2688 767 2798 Mitylenaeis
795 2690 954 2784 ‘proprie
1001 2696 1222 2773 assuetarum
1325 2715 1327 2718 ·
1460 2755 1462 2764 ,

155 2824 357 2900 quanquam
396 2789 440 2878 in
468 2808 538 2879 hoc
570 2810 654 2904 ipse
687 2805 926 2895 dissentiunt3
960 2828 1048 2877 nam
1084 2823 1222 2875 nemen

143 2922 259 3021 χηλός
284 2938 411 2999 auctor
437 2927 623 3026 opusculi,
652 2924 760 3024 quad
785 2926 995 2998 inscribitur
1013 2919 1109 2997 ’'Iricci
1134 2950 1221 2996 τινα

148 3044 293 3123 πόλεων
317 3048 357 3117 in
382 3047 518 3120 Iriartfi
543 3046 637 3118 Bibl.
663 3044 772 3116 Matr.
787 3069 835 3140 ¹p.
853 3044 936 3115 146.
964 3040 1127 3115 clitcriia
1143 3040 1223 3114 vin·
1277 3138 1280 3146 .

150 3163 275 3238 dicat.¹
310 3167 429 3261 Ergo,
465 3170 507 3252 ni
531 3166 611 3268 quis
639 3162 842 3254 ostenderit¹
868 3160 966 3236 unde
992 3160 1222 3236 Butadarum

150 3307 287 3378 nemen
312 3289 457 3362 illatum
484 3290 544 3376 sit,
571 3285 715 3360 traditis
742 3285 970 3381 acquiescam
987 3294 1221 3382 statuamque
1278 3333 1281 3336 -

152 3405 421 3482 Grammaticos
458 3408 637 3504 quasdam
663 3429 798 3480 nemen
826 3387 965 3505 λάρναξ
990 3404 1222 3478 Atheniensi·

151 3523 220 3598 bus
254 3507 541 3616 incommune,
576 3551 660 3604 eum
687 3539 832 3616 autem,
873 3549 982 3621 quem
1008 3525 1225 3616 Eustachius

154 3649 329 3741 sequitur,
355 3647 509 3721 Butadis
535 3651 686 3750 proprie
712 3647 935 3722 attribuisse.
961 3646 1037 3721 Nec
1061 3644 1135 3717 fide
1162 3640 1225 3713 ab·

154 3765 297 3857 horret,
323 3770 606 3866 intersingulns
633 3766 777 3871 Atticae
801 3791 929 3867 pagos,
954 3777 998 3839 ut
1023 3766 1227 3838 maximam

153 3907 300 3962 merum
329 3883 395 3986 [f],
436 3893 489 3994 ita
528 3888 747 3962 nonnullam
789 3888 938 3961 dialecti
982 3883 1226 3955 differentiam

227 4054 267 4125 [ί]
293 4058 502 4129 Ἐκωμῳδοῦνπο
521 4035 548 4115 el
562 4059 700 4134 Ἀχαρνεῖς
718 4025 753 4119 ὥς
779 4054 866 4129 ἄγριοι
879 4033 942 4110 ’καὶ
968 4054 1093 4123 σκληροὶ,
1120 4055 1227 4121 Oenot-
