2925 4684
473 270 481 295 ,
562 228 832 285 οιιιιιοι.
1152 221 1226 295 893

163 382 346 455 humanae
384 382 604 480 prudentiae
635 383 783 457 videtur
816 408 934 484 neque
966 389 1014 462 ad
1046 393 1228 490 explican-

162 499 249 574 dam
283 502 379 575 hanc
414 504 663 600 quaestionem
696 509 959 598 necessarium,
992 514 1051 583 eui
1082 511 1228 587 abunde

161 621 395 694 satisfactum
421 626 499 713 erit,
523 626 555 696 si
582 624 863 716 ostenderimus,
895 627 1074 726 quidquid
1099 630 1147 705 de
1171 657 1227 706 re·

125 834 128 839 ,
162 739 232 834 bus
275 739 408 814 abditis
449 755 513 816 aut
552 744 664 819 altius
704 748 908 840 conjectum
940 764 1004 821 aut
1039 750 1229 827 obscurius

159 858 304 933 dictum
343 874 405 934 aut
446 862 603 961 denique
636 865 676 937 in
707 867 911 963 sapientiae
946 873 1229 950 ostentationem

74 1003 81 1024 ι
163 979 358 1054 ambitiose
390 984 638 1080 compositum
675 987 743 1074 sit,
783 986 1021 1082 Pythagoreis
1056 989 1096 1061 in
1130 1014 1230 1065 com

164 1122 274 1173 mune
317 1099 497 1192 adscribi,
543 1125 679 1200 eosque
717 1109 858 1202 passim
900 1128 983 1180 curn
1022 1106 1229 1208 Aegyptiis,

160 1217 375 1311 Chaldaeis,
406 1221 527 1317 Magis
560 1223 803 1323 omnibusque
835 1228 1060 1302 occtdtarum
1093 1234 1229 1308 artium

161 1340 433 1418 affectatoribus
468 1346 642 1441 componi
673 1355 851 1442 tanquam
877 1346 1006 1421 eadem
1032 1350 1228 1446 professos.

162 1462 238 1536 Sed
264 1461 311 1536 de
336 1466 515 1538 orationis
541 1486 672 1559 genere
696 1464 786 1539 alibi
811 1463 967 1558 dicmm3
993 1490 1090 1543 nunc
1107 1496 1229 1547 exem·

160 1585 224 1680 pla
248 1584 435 1681 proferam
460 1588 725 1659 sententiarum
749 1588 948 1679 mysticum
972 1588 1151 1685 quiddam
1174 1617 1230 1665 re-

163 1707 385 1778 sonantium.
411 1704 630 1780 Aristoteles
654 1708 695 1779 in
720 1704 828 1778 Anal.
854 1706 952 1780 Post
978 1708 1019 1780 L.
1046 1710 1092 1782 Π.
1118 1736 1147 1783 c
1171 1713 1228 1787 10.

166 1822 250 1897 587.
282 1832 315 1901 si
344 1829 490 1927 βροντᾷ
516 1827 848 1929 ἅποσβινιυμέιοο
873 1836 942 1904 τοῦ
967 1831 1085 1930 πυρὸς
1110 1831 1229 1936 ἄνοιγ-

168 1945 324 2040 κησιζιιν
356 1947 592 2048 catecasta
624 1948 688 2026 καὶ
704 1947 803 2049 v(leg.
836 1948 900 2023 καὶ
932 1947 1016 2046 οὐχ)
1050 1951 1167 2051 ιῖςπιρ
1194 1958 1229 2030 οἱ

166 2063 427 2169 Πυθαγόρειοί
466 2093 604 2172 φασιν,
645 2071 794 2164 ἀπειλῆς
833 2070 938 2148 ἕνεκα
976 2077 1054 2155 τοῖς
1095 2077 1136 2149 ἐν
1174 2084 1228 2174 τῷ

168 2179 350 2285 Ταρτάρῳ
364 2186 422 2286 [m]
464 2188 564 2272 ὅπως
605 2191 820 2289 φοβῶνται,
865 2209 976 2285 quam
1008 2195 1229 2266 sententiam

163 2306 391 2403 Philoponus
425 2309 466 2379 in
499 2303 643 2414 Comm.
677 2307 725 2381 ad
751 2308 787 2381 ιι.
808 2309 836 2405 ι.
861 2332 898 2405 p.
924 2308 985 2380 87.
1011 2307 1230 2385 adnumerat

163 2435 242 2512 τοῖς
262 2426 541 2531 Πυθαγορείοις
564 2425 716 2527 μύθοις,
744 2429 897 2501 Buhlius
923 2440 1047 2501 autem
1073 2441 1149 2503 tam
1174 2433 1229 2505 in-
1287 2475 1291 2484 ‚

73 2647 76 2652 ⁴
165 2558 291 2645 eptam
329 2557 436 2643 putat
477 2559 626 2644 tamque
665 2548 897 2646 philosophis
936 2548 1143 2644 indignam,
1189 2567 1258 2644 ut

165 2666 342 2743 verba
313 2698 363 2752 (ος
395 2698 431 2742 οι
465 2665 725 2771 Πυθαγόρειοι
751 2670 1021 2742 circumscribat
1053 2682 1249 2782 tanquam

168 2789 379 2876 invecticia,
412 2809 487 2859 non
518 2785 766 2875 recordatus,
784 2789 934 2883 opinor,
966 2788 1104 2860 multos
1129 2790 1244 2861 haud

165 2907 241 2981 alia
271 2908 417 2980 ratione
449 2930 518 3004 pro
556 2907 789 3080 pipilosophis
824 2906 970 2980 habitos
1005 2927 1085 2979 esse
1119 2930 1228 3003 quam

237 3162 290 3232 [m]
312 3161 456 3230 Significat
472 3160 577 3230 Sitones
593 3167 757 3229 ceteramque
774 3129 941 3213 monstrorum
962 3162 1120 3215 infernorum
1138 3163 1229 3216 cober·
1274 3181 1289 3206 s

166 3240 232 3297 ten,
259 3233 288 3284 in
305 3231 383 3297 deos,
406 3232 433 3283 ni
450 3238 613 3302 coerceatur,
637 3230 836 3296 rebellaturarn,
857 3248 908 3282 non
928 3232 1057 3296 homines,
1079 3242 1109 3286 ut
1125 3234 1228 3287 Rittero

166 3302 249 3356 ιιιιιιιι
280 3302 308 3355 in
340 3295 572 3386 Gescbichte
587 3302 645 3353 der
675 3302 972 3372 pythagoriscben
997 3271 1228 3374 Philosophie

152 3391 193 3443 .p.
209 3372 271 3424 218.
297 3373 342 3442 qui
353 3369 421 3441 quia
444 3372 509 3425 haee
533 3372 673 3425 animarum
697 3374 725 3424 in
750 3373 820 3425 Orco
843 3371 971 3425 habitatio
996 3391 1052 3426 curn
1075 3381 1229 3444 metempsy-

168 3443 241 3496 chosi
266 3448 385 3495 constare
407 3450 533 3511 nequeat
563 3442 661 3495 hane'
653 3460 736 3512 ipsam
760 3444 898 3496 exotericis
922 3444 1070 3497 adnumerat
1092 3446 1228 3514 dogmatis.
1301 3493 1303 3506 A

167 3514 229 3565 Non
253 3512 368 3565 diffiteor
390 3513 454 3565 mihi
475 3520 503 3565 et
526 3512 575 3564 hoc
599 3519 629 3565 et
650 3519 750 3579 cetera,
777 3531 845 3583 quae
867 3514 895 3566 in
924 3532 981 3568 eam
1002 3532 1056 3567 rem
1087 3516 1166 3569 affert
1187 3516 1229 3568 vir

168 3579 342 3647 doctissimus,
365 3583 473 3653 perinde
490 3584 603 3647 incerta,
627 3588 760 3658 totumque
775 3585 840 3637 illud
862 3581 1045 3638 esoteficorum
1068 3592 1096 3639 et
1118 3587 1228 3638 exoteri-
1322 3591 1325 3605 '

53 3719 60 3725 μ
170 3667 255 3706 corum
270 3621 421 3721 dogmatum
438 3654 573 3707 discrimen
589 3651 789 3707 commenticium
808 3654 900 3707 videri.
934 3656 988 3709 Sed
1010 3656 1178 3708 strationem
1195 3656 1228 3706 il-

169 3721 221 3775 lam
238 3740 254 3774 a
269 3724 484 3793 metempsychosi
499 3724 603 3776 ductam
628 3721 732 3775 dubiam
753 3725 819 3777 facit
840 3730 973 3779 auctorum
997 3724 1131 3777 dissensio.
1166 3725 1228 3775 Ser-

147 3791 228 3844 .vius
254 3793 316 3845 Aen.
339 3795 391 3847 III.
414 3794 457 3847 68
487 3792 589 3847 Ριιιο
617 3797 815 3862 perpetuam
843 3796 930 3848 dicit
952 3796 1089 3849 animam
1115 3793 1154 3844 ad
1178 3793 1229 3845 di

128 3887 135 3900 ·
169 3878 270 3916 versa
287 3881 433 3935 corpora
450 3865 639 3917 transitum
650 3866 768 3916 iacere
786 3865 901 3918 statim
919 3883 978 3951 pro
992 3863 1125 3917 meritis
1140 3863 1228 3933 prio-

168 3934 219 3985 ris
236 3933 337 3987 vitae.
373 3934 592 4004 Pythagoras
609 3950 688 3987 vero
705 3950 768 3985 non
784 3952 849 4005 μετ
903 3931 1065 4005 enixum
1082 3932 1139 3986 sed
1158 3952 1228 3987 πα-

168 4003 627 4075 iryysrsotavessedieit,
651 4004 802 4069 bocest,
825 3952 1194 4075 rstiireposttempus.
1266 4019 1277 4038 ·
