2925 4684
537 188 806 243 onrnrcl.
881 170 883 173 ’
1126 177 1202 254 813

132 345 155 417 f
157 345 250 443 uit[
265 346 293 442 ].
356 342 432 419 Sed
475 343 574 440 qrrod
617 344 843 440 Pomponius
885 345 990 418 effert
1021 352 1063 445 p.
1095 348 1202 424 1037.
1331 436 1333 442 ¹

130 465 419 559 Mercurium
444 466 626 538 animos
651 462 954 540 reducentem
974 467 1203 544 Homerus

130 582 323 681 Orphea
356 585 592 657 imitatus
611 584 884 681 usurpavit,
911 564 1131 686 etreliqua,
1158 615 1204 663 ex

129 703 295 781 Diodori
320 703 400 774 loco
425 704 530 800 prius
556 704 729 799 apposito
756 715 877 776 sumta
903 718 999 778 sunt.

170 878 175 889 .
221 822 448 920 Priusquam
478 843 567 907 vero
592 823 679 894 hinc
704 821 891 911 abeamus,
917 829 1041 898 versui
1069 827 1201 926 Orphi-

134 964 208 1033 σο.
224 947 284 1041 qui
310 941 572 1040 Olympiodori
597 941 808 1015 testimonio
833 944 995 1018 innotuit

83 1141 86 1146 .
154 1054 156 1067 Ι
217 1081 321 1142 πολλοὶ
342 1079 399 1160 μὲν
420 1070 654 1163 ναρθηκοφόροι
673 1078 787 1160 παῦροι
808 1077 844 1141 δέ
863 1101 894 1141 τε
914 1075 1031 1160 βάκχοι»

131 1200 298 1272 nonnihil
330 1222 464 1297 operae
492 1182 787 1298 impendendum
821 1211 886 1272 est.
943 1199 1002 1272 Εο
1034 1205 1092 1275 usi
1117 1219 1203 1281 sunt

130 1308 277 1419 praeter
307 1307 517 1392 Hermiam
534 1314 586 1388 ad
615 1314 772 1388 Phacus.
804 1342 841 1414 p.
872 1317 954 1393 155.
986 1333 1024 1393 et
1049 1320 1201 1399 Iambli-

129 1442 255 1514 chum'
280 1440 397 1512 Protr.
434 1434 538 1523 XIII.
583 1432 666 1508 194.
708 1432 879 1509 Clemens
920 1438 1203 1535 Alexandrinus,

131 1554 370 1646 Themistius,
397 1556 574 1650 synesius
600 1556 735 1650 aliique
763 1553 997 1631 anecobsio
1010 1560 1058 1633 ad
1077 1563 1202 1659 Epigr.

126 1683 270 1759 Ἆόεσνι.
298 1677 416 1753 XXV.
443 1675 485 1748 T.
511 1675 572 1747 IV.
598 1699 635 1773 p.
655 1671 942 1747 115.'Fischero
969 1691 1007 1750 et
1032 1679 1202 1773 Wytten·

130 1801 264 1874 beclrio
297 1797 345 1872 ed
378 1798 421 1869 h.-
439 1797 462 1866 l.
496 1818 533 1892 p.
563 1795 646 1865 177.
680 1790 854 1882 indicati,
887 1819 1045 1892 quorum
1078 1802 1202 1875 nullos

131 1920 269 1993 nomen
300 1917 459 1991 auctoris
485 1915 677 2012 apposuit5
711 1910 932 1988 uocabulum
958 1920 1202 2022 γαρθηχοφό-

132 2072 195 2142 ρος
226 2038 313 2112 lunc
346 2046 555 2113 sumserunt
580 2033 711 2105 Pollux
737 2032 784 2105 X.
812 2034 896 2108 177.
923 2049 960 2111 et
986 2039 1202 2116 Plutarchus

132 2159 217 2235 adv.
244 2156 364 2231 Colot.
388 2158 434 2229 ll.
462 2153 547 2228 526.
574 2154 620 2229 οό
645 2153 942 2255 ναρθηκοφόροι,
968 2158 1061 2234 cilici
1082 2165 1201 2261 ἐμμα-

132 2282 302 2358 νέστατον
327 2276 522 2380 ὀργιασοαὶ
537 2269 754 2357 Πλάτωνος.
783 2268 974 2348 Sententia
998 2279 1082 2375 ipse
1106 2282 1202 2352 mul·

133 2402 183 2472 tis
208 2396 338 2473 modis
372 2396 519 2497 variare
552 2403 617 2464 est.
665 2390 875 2469 Heraclitus
911 2417 976 2493 ep.
1004 2397 1119 2472 Procl.
1152 2400 1202 2475 ed

133 2517 251 2593 Aleib.
278 2517 320 2590 Τ.
346 2517 374 2589 Ι.
401 2517 443 2588 2.
463 2513 522 2597 56.
561 2510 689 2584 creuz.
716 2514 752 2589 οἱ
776 2516 904 2591 πολλοὶ
928 2520 1055 2607 κακοὶ,
1083 2520 1201 2624 ὀλίγοι

134 2638 176 2714 di
218 2635 370 2741 ἀγαθοί.
420 2631 616 2723 comicus·
632 2632 690 2730 ap.
723 2632 855 2743 Etym.
879 2628 932 2707 M.
963 2660 992 2709 s.
1026 2638 1198 2739 Στατήρ·

135 2757 263 2834 πολλοὶ
288 2764 463 2856 στατῆρες
489 2753 716 2851 ὀποόοιῆρος
743 2753 825 2829 οόδ’
852 2753 903 2831 de
928 2757 988 2840 οἷς.
1015 2755 1201 2847 Diogenes

135 2877 199 2952 Lu.
226 2875 288 2948 vl.
314 2874 376 2947 60.
401 2873 514 2975 nelis
539 2872 609 2971 μὲν
635 2872 654 2947 ὀ
683 2875 809 2967 ὄχλος,
836 2872 952 2975 ὀλίγον
977 2871 1020 2948 di
1046 2876 1211 2974 strepa»,

135 3028 207 3076 ποι.
253 2988 442 3069 Herodot.¹
471 2992 550 3065 Vll.
592 2991 677 3064 210.
719 2992 846 3066 πολλοὶ
870 2992 948 3089 ,μὲν
982 2982 1199 3092 ἄνθρωποι,

135 3117 254 3222 ὀλίγον
277 3114 320 3191 di
346 3113 489 3211 ἄνδρες.
516 3111 715 3184 Frontinus
743 3110 896 3204 Strateg.
921 3109 983 3182 lv.
1007 3110 1079 3188 49..
1101 3111 1142 3187 Η
1149 3137 1202 3189 oc

136 3259 183 3309 se
223 3233 471 3331 deceptum
511 3230 691 3326 ejebet‚'
741 3228 861 3328 quod
894 3232 1067 3306 multos
1101 3237 1201 3333 qui·

206 3403 246 3491 [2]
264 3404 375 3457 Posses.
391 3401 442 3458 111.
460 3400 503 3454 25.
517 3398 644 3491 Ι’Ὀριηρος
667 3403 784 3472 (πρῶτος
806 3400 860 3473 γὰρ
885 3398 1013 3458 ἐκάλεσεν
1030 3400 1099 3472 ᾅδου
1117 3401 1200 3474 κύνα)

139 3469 198 3529 οὔτε
215 3491 306 3545 ονομα
322 3475 400 3528 ἔθετο
419 3469 513 3538 οὐδὲν,
532 3469 592 3526 οὗτε
609 3473 778 3527 συνέπλασεν
795 3469 869 3532 icco
887 3465 973 3533 εἶδος·
992 3475 1020 3527 ολ
1037 3473 1067 3528 δὲ
1085 3473 1200 3548 ὕστερον
1248 3504 1251 3507 ·

140 3539 227 3617 ’ὄνομα
252 3544 380 3608 ἐποίησαν
407 3546 557 3611 Κέρβερον,
585 3541 764 3610 e'Cerberiis,
789 3549 819 3594 ut
835 3541 952 3608 videtur,
975 3543 1136 3607 traductum
1161 3544 1200 3596 sic

140 3615 204 3668 esim
226 3614 388 3668 vocabantur
411 3611 548 3664 Cimmerii.
573 3628 598 3662 v.
615 3611 693 3677 Arist.
718 3612 802 3664 Reum
827 3611 884 3663 187.
925 3613 996 3666 Idem
1014 3613 1088 3665 VIII.
1106 3615 1148 3665 18.
1166 3614 1200 3664 de

139 3683 222 3753 Styge
245 3683 404 3746 Hesiodum,
429 3680 536 3745 Linum,
560 3678 738 3750 Epimenidem
762 3681 885 3734 cecinisse
909 3684 1003 3747 refert,
1025 3677 1143 3753 μάλιστα
1167 3680 1199 3734 δὲ

140 3755 186 3819 τῆς
201 3758 228 3807 Σ
291 3751 351 3816 cri
369 3747 458 3823 ὀνομα
475 3752 502 3811 ἐς
518 3749 567 3818 τὴν
584 3755 693 3816 ποίησιν
710 3748 891 3822 λπεσηγάγετο
903 3749 937 3807 Ὅ
958 3770 1028 3823 ηρος.
1066 3749 1200 3802 Posterior

140 3830 224 3877 autem
308 3823 325 3838 “
344 3822 415 3875 locus
432 3821 503 3874 illem
520 3821 581 3875 milri
599 3821 808 3878 deliberationem
825 3821 913 3874 attolit
953 3819 1078 3874 erculisoe
1093 3819 1200 3874 descen-

140 3911 182 3947 sus
197 3911 231 3947 en
249 3891 351 3963 Orphei
367 3893 393 3944 in
410 3892 521 3945 carmine
539 3891 652 3962 Orphico
670 3888 825 3956 Κατάβασις
841 3893 879 3952 εἰς
895 3888 964 3957 ᾅδου
981 3887 1106 3960 inscripto
1123 3906 1200 3945 euer-

141 3969 209 4016 retus
226 3965 269 4017 sit.
328 3962 330 3969 '
