<?xml version="1.0" encoding="UTF-8"?>
<!DOCTYPE html PUBLIC "-//W3C//DTD XHTML 1.0 Transitional//EN"
    "http://www.w3.org/TR/xhtml1/DTD/xhtml1-transitional.dtd">
<html xmlns="http://www.w3.org/1999/xhtml" xml:lang="en" lang="en">
 <head>
  <title>
</title>
<meta http-equiv="Content-Type" content="text/html;charset=utf-8" />
  <meta name='ocr-system' content='tesseract 3.04.00' />
  <meta name='ocr-capabilities' content='ocr_page ocr_carea ocr_par ocr_line ocrx_word'/>
</head>
<body>
  <div class='ocr_page' id='page_1' title='image "aglaophamussive00lobegoog_0535.png"; bbox 0 0 2925 4684; ppageno 0'>
   <div class='ocr_carea' id='block_1_1' title="bbox 512 204 1211 285">
    <p class='ocr_par' dir='ltr' id='par_1_1' title="bbox 512 204 1211 285">
     <span class='ocr_line' id='line_1_1' title="bbox 512 204 1211 285; baseline 0.01 -12"><span class='ocrx_word' id='word_1_1' title='bbox 512 216 863 285; x_wconf 61' lang='lat' dir='ltr'>eluctantem..</span> <span class='ocrx_word' id='word_1_2' title='bbox 1115 204 1211 280; x_wconf 70' lang='lat'>1251</span> 
     </span>
    </p>
   </div>
   <div class='ocr_carea' id='block_1_2' title="bbox 374 422 814 587">
    <p class='ocr_par' dir='ltr' id='par_1_2' title="bbox 374 416 1051 587">
     <span class='ocr_line' id='line_1_2' title="bbox 374 422 814 587; baseline 0.007 -35"><span class='ocrx_word' id='word_1_3' title='bbox 374 422 481 435; x_wconf 68' lang='grc'><strong><em>”</em></strong></span> <span class='ocrx_word' id='word_1_4' title='bbox 470 430 814 587; x_wconf 30' lang='lat' dir='ltr'>wara</span> 
     </span>
    </p>
   </div>
   <div class='ocr_carea' id='block_1_3' title="bbox 138 636 1319 909">
    <p class='ocr_par' dir='ltr' id='par_1_3' title="bbox 138 636 1319 902">
     <span class='ocr_line' id='line_1_3' title="bbox 145 636 1212 799; baseline 0.004 -40"><span class='ocrx_word' id='word_1_5' title='bbox 145 644 162 685; x_wconf 57' lang='lat'>‘⁵</span> <span class='ocrx_word' id='word_1_6' title='bbox 244 684 330 759; x_wconf 91' lang='lat' dir='ltr'>Non</span> <span class='ocrx_word' id='word_1_7' title='bbox 354 676 509 799; x_wconf 87' lang='lat' dir='ltr'>procul</span> <span class='ocrx_word' id='word_1_8' title='bbox 511 632 677 789; x_wconf 71' lang='lat' dir='ltr'>Thebis,</span> <span class='ocrx_word' id='word_1_9' title='bbox 692 636 832 783; x_wconf 84' lang='lat' dir='ltr'>iuquit,</span> <span class='ocrx_word' id='word_1_10' title='bbox 857 676 961 765; x_wconf 88' lang='lat' dir='ltr'>lucus</span> <span class='ocrx_word' id='word_1_11' title='bbox 982 642 1044 760; x_wconf 87' lang='lat' dir='ltr'>est</span> <span class='ocrx_word' id='word_1_12' title='bbox 1071 646 1212 763; x_wconf 83' lang='lat' dir='ltr'>Cereris</span> 
     </span>
     <span class='ocr_line' id='line_1_4' title="bbox 138 778 1319 909; baseline 0.003 -31"><span class='ocrx_word' id='word_1_13' title='bbox 138 790 309 879; x_wconf 76' lang='lat' dir='ltr'>Cabiriae</span> <span class='ocrx_word' id='word_1_14' title='bbox 344 816 382 877; x_wconf 89' lang='lat' dir='ltr'>et</span> <span class='ocrx_word' id='word_1_15' title='bbox 398 778 608 894; x_wconf 83' lang='lat' dir='ltr'>Liberae,</span> <span class='ocrx_word' id='word_1_16' title='bbox 620 827 702 909; x_wconf 77' lang='lat' dir='ltr'>quo</span> <span class='ocrx_word' id='word_1_17' title='bbox 734 804 879 900; x_wconf 83' lang='lat' dir='ltr'>ingredi</span> <span class='ocrx_word' id='word_1_18' title='bbox 912 827 988 905; x_wconf 82' lang='lat' dir='ltr'>non</span> <span class='ocrx_word' id='word_1_19' title='bbox 1019 790 1121 881; x_wconf 90' lang='lat' dir='ltr'>licet</span> <span class='ocrx_word' id='word_1_20' title='bbox 1137 811 1212 882; x_wconf 89' lang='lat' dir='ltr'>nisi</span> <span class='ocrx_word' id='word_1_21' title='bbox 1315 846 1319 854; x_wconf 94' lang='lat'>·</span> 
     </span>
    </p>
   </div>
   <div class='ocr_carea' id='block_1_4' title="bbox 8 894 1212 1035">
    <p class='ocr_par' dir='ltr' id='par_1_4' title="bbox 8 894 1212 1035">
     <span class='ocr_line' id='line_1_5' title="bbox 8 894 1212 1035; baseline 0.003 -38"><span class='ocrx_word' id='word_1_22' title='bbox 8 1004 11 1013; x_wconf 52' lang='grc'><strong>,</strong></span> <span class='ocrx_word' id='word_1_23' title='bbox 134 927 311 1019; x_wconf 77' lang='lat' dir='ltr'>mitratis,</span> <span class='ocrx_word' id='word_1_24' title='bbox 333 921 489 1035; x_wconf 86' lang='lat' dir='ltr'>septem</span> <span class='ocrx_word' id='word_1_25' title='bbox 523 912 609 999; x_wconf 83' lang='lat' dir='ltr'>irinc</span> <span class='ocrx_word' id='word_1_26' title='bbox 643 924 767 999; x_wconf 89' lang='lat' dir='ltr'>stadia</span> <span class='ocrx_word' id='word_1_27' title='bbox 801 914 914 1000; x_wconf 85' lang='lat' dir='ltr'>distat</span> <span class='ocrx_word' id='word_1_28' title='bbox 947 894 1093 1001; x_wconf 86' lang='lat' dir='ltr'>famun-</span> <span class='ocrx_word' id='word_1_29' title='bbox 1102 916 1212 1001; x_wconf 77' lang='lat' dir='ltr'>Cabi-</span> 
     </span>
    </p>
   </div>
   <div class='ocr_carea' id='block_1_5' title="bbox 58 1030 1273 2592">
    <p class='ocr_par' dir='ltr' id='par_1_5' title="bbox 58 1030 1273 2592">
     <span class='ocr_line' id='line_1_6' title="bbox 94 1030 1210 1151; baseline 0.004 -34"><span class='ocrx_word' id='word_1_30' title='bbox 94 1050 96 1057; x_wconf 88' lang='lat'>&#39;</span> <span class='ocrx_word' id='word_1_31' title='bbox 133 1067 261 1141; x_wconf 92' lang='lat' dir='ltr'>rorum</span> <span class='ocrx_word' id='word_1_32' title='bbox 294 1034 359 1151; x_wconf 88' lang='grc' dir='ltr'>ΙΧ.</span> <span class='ocrx_word' id='word_1_33' title='bbox 387 1030 447 1119; x_wconf 83' lang='grc'>25.</span> <span class='ocrx_word' id='word_1_34' title='bbox 507 1038 560 1123; x_wconf 87' lang='grc' dir='ltr'>Ηι</span> <span class='ocrx_word' id='word_1_35' title='bbox 587 1048 651 1144; x_wconf 92' lang='lat' dir='ltr'>qui</span> <span class='ocrx_word' id='word_1_36' title='bbox 677 1047 752 1129; x_wconf 85' lang='lat' dir='ltr'>sint</span> <span class='ocrx_word' id='word_1_37' title='bbox 778 1058 816 1119; x_wconf 90' lang='lat' dir='ltr'>et</span> <span class='ocrx_word' id='word_1_38' title='bbox 842 1071 915 1145; x_wconf 89' lang='lat' dir='ltr'>quo</span> <span class='ocrx_word' id='word_1_39' title='bbox 941 1049 1016 1121; x_wconf 94' lang='lat' dir='ltr'>ritu</span> <span class='ocrx_word' id='word_1_40' title='bbox 1043 1049 1210 1133; x_wconf 76' lang='lat' dir='ltr'>colantur</span> 
     </span>
     <span class='ocr_line' id='line_1_7' title="bbox 122 1144 1209 1269; baseline 0.004 -31"><span class='ocrx_word' id='word_1_41' title='bbox 122 1154 256 1269; x_wconf 36' lang='lat' dir='ltr'>*dicere</span> <span class='ocrx_word' id='word_1_42' title='bbox 289 1144 430 1242; x_wconf 88' lang='lat' dir='ltr'>veritus</span> <span class='ocrx_word' id='word_1_43' title='bbox 464 1154 535 1238; x_wconf 90' lang='lat' dir='ltr'>hoc</span> <span class='ocrx_word' id='word_1_44' title='bbox 560 1188 675 1239; x_wconf 92' lang='lat' dir='ltr'>unum</span> <span class='ocrx_word' id='word_1_45' title='bbox 703 1161 811 1239; x_wconf 82' lang='lat' dir='ltr'><strong>addit</strong></span> <span class='ocrx_word' id='word_1_46' title='bbox 822 1167 947 1263; x_wconf 83' lang='lat' dir='ltr'>vulgo</span> <span class='ocrx_word' id='word_1_47' title='bbox 975 1191 998 1241; x_wconf 90' lang='lat' dir='ltr'>a</span> <span class='ocrx_word' id='word_1_48' title='bbox 1024 1156 1209 1242; x_wconf 77' lang='lat' dir='ltr'><strong>Thebanis</strong></span> 
     </span>
     <span class='ocr_line' id='line_1_8' title="bbox 132 1256 1210 1384; baseline 0.004 -26"><span class='ocrx_word' id='word_1_49' title='bbox 132 1298 339 1377; x_wconf 89' lang='lat' dir='ltr'>narratum,</span> <span class='ocrx_word' id='word_1_50' title='bbox 374 1256 527 1373; x_wconf 85' lang='lat' dir='ltr'>teletam</span> <span class='ocrx_word' id='word_1_51' title='bbox 551 1309 574 1358; x_wconf 94' lang='lat' dir='ltr'>a</span> <span class='ocrx_word' id='word_1_52' title='bbox 600 1272 771 1360; x_wconf 83' lang='lat' dir='ltr'>Cerere</span> <span class='ocrx_word' id='word_1_53' title='bbox 759 1276 841 1384; x_wconf 82' lang='lat' dir='ltr'>rpsa</span> <span class='ocrx_word' id='word_1_54' title='bbox 865 1290 1102 1363; x_wconf 80' lang='lat' dir='ltr'><strong>constitutam</strong></span> <span class='ocrx_word' id='word_1_55' title='bbox 1130 1312 1210 1362; x_wconf 90' lang='lat' dir='ltr'>esse</span> 
     </span>
     <span class='ocr_line' id='line_1_9' title="bbox 133 1388 1208 1527; baseline 0.001 -46"><span class='ocrx_word' id='word_1_56' title='bbox 133 1406 381 1527; x_wconf 68' lang='lat' dir='ltr'>traditamque</span> <span class='ocrx_word' id='word_1_57' title='bbox 407 1388 552 1478; x_wconf 66' lang='lat' dir='ltr'>¹(fabiris</span> <span class='ocrx_word' id='word_1_58' title='bbox 585 1407 666 1482; x_wconf 91' lang='lat' dir='ltr'>sive</span> <span class='ocrx_word' id='word_1_59' title='bbox 693 1394 881 1480; x_wconf 81' lang='lat' dir='ltr'>Cabiraeis</span> <span class='ocrx_word' id='word_1_60' title='bbox 907 1406 1009 1480; x_wconf 93' lang='lat' dir='ltr'>urbis</span> <span class='ocrx_word' id='word_1_61' title='bbox 1036 1411 1208 1506; x_wconf 89' lang='lat' dir='ltr'>antiquae</span> 
     </span>
     <span class='ocr_line' id='line_1_10' title="bbox 130 1507 1209 1646; baseline 0.002 -45"><span class='ocrx_word' id='word_1_62' title='bbox 130 1540 168 1601; x_wconf 93' lang='lat' dir='ltr'>et</span> <span class='ocrx_word' id='word_1_63' title='bbox 194 1529 295 1625; x_wconf 82' lang='lat' dir='ltr'>jam</span> <span class='ocrx_word' id='word_1_64' title='bbox 294 1507 454 1618; x_wconf 86' lang='lat' dir='ltr'>dudum</span> <span class='ocrx_word' id='word_1_65' title='bbox 487 1522 631 1615; x_wconf 86' lang='lat' dir='ltr'>deletae</span> <span class='ocrx_word' id='word_1_66' title='bbox 651 1527 843 1619; x_wconf 82' lang='lat' dir='ltr'>incolis3</span> <span class='ocrx_word' id='word_1_67' title='bbox 855 1523 1038 1602; x_wconf 85' lang='lat' dir='ltr'>Cabiritas</span> <span class='ocrx_word' id='word_1_68' title='bbox 1071 1531 1209 1646; x_wconf 83' lang='lat' dir='ltr'>Epigo-</span> 
     </span>
     <span class='ocr_line' id='line_1_11' title="bbox 82 1623 1206 1761; baseline 0.004 -41"><span class='ocrx_word' id='word_1_69' title='bbox 82 1654 87 1659; x_wconf 84' lang='grc'><em>“</em></span> <span class='ocrx_word' id='word_1_70' title='bbox 130 1671 265 1747; x_wconf 78' lang='lat' dir='ltr'>norum</span> <span class='ocrx_word' id='word_1_71' title='bbox 290 1638 501 1739; x_wconf 78' lang='lat' dir='ltr'>incursione</span> <span class='ocrx_word' id='word_1_72' title='bbox 527 1632 755 1720; x_wconf 83' lang='lat' dir='ltr'>disturbatos</span> <span class='ocrx_word' id='word_1_73' title='bbox 781 1623 908 1733; x_wconf 90' lang='lat' dir='ltr'>sedem</span> <span class='ocrx_word' id='word_1_74' title='bbox 935 1660 973 1720; x_wconf 90' lang='lat' dir='ltr'>et</span> <span class='ocrx_word' id='word_1_75' title='bbox 998 1674 1100 1724; x_wconf 85' lang='lat' dir='ltr'>sacra</span> <span class='ocrx_word' id='word_1_76' title='bbox 1110 1675 1206 1761; x_wconf 81' lang='lat' dir='ltr'>geu-</span> 
     </span>
     <span class='ocr_line' id='line_1_12' title="bbox 132 1740 1205 1887; baseline 0.007 -49"><span class='ocrx_word' id='word_1_77' title='bbox 132 1740 248 1839; x_wconf 87' lang='lat' dir='ltr'>tilicia</span> <span class='ocrx_word' id='word_1_78' title='bbox 281 1748 539 1871; x_wconf 85' lang='lat' dir='ltr'>dereliquisse,</span> <span class='ocrx_word' id='word_1_79' title='bbox 572 1780 706 1887; x_wconf 84' lang='lat' dir='ltr'>postea</span> <span class='ocrx_word' id='word_1_80' title='bbox 731 1780 855 1843; x_wconf 91' lang='lat' dir='ltr'>tamen</span> <span class='ocrx_word' id='word_1_81' title='bbox 880 1758 1035 1842; x_wconf 88' lang='lat' dir='ltr'>rediisse</span> <span class='ocrx_word' id='word_1_82' title='bbox 1062 1756 1205 1881; x_wconf 87' lang='lat' dir='ltr'>aliquos</span> 
     </span>
     <span class='ocr_line' id='line_1_13' title="bbox 131 1867 1205 2001; baseline 0.009 -46"><span class='ocrx_word' id='word_1_83' title='bbox 131 1896 170 1956; x_wconf 88' lang='lat' dir='ltr'>et</span> <span class='ocrx_word' id='word_1_84' title='bbox 196 1870 276 1957; x_wconf 73' lang='lat' dir='ltr'>e&#39;sse</span> <span class='ocrx_word' id='word_1_85' title='bbox 302 1872 514 1959; x_wconf 85' lang='lat' dir='ltr'>etiamnunc</span> <span class='ocrx_word' id='word_1_86' title='bbox 539 1910 710 1982; x_wconf 84' lang='lat' dir='ltr'>magnam</span> <span class='ocrx_word' id='word_1_87' title='bbox 735 1867 815 1961; x_wconf 81' lang='lat' dir='ltr'>faui</span> <span class='ocrx_word' id='word_1_88' title='bbox 836 1871 1053 2001; x_wconf 79' lang='lat' dir='ltr'>religionem</span> <span class='ocrx_word' id='word_1_89' title='bbox 1086 1904 1124 1964; x_wconf 90' lang='lat' dir='ltr'>et</span> <span class='ocrx_word' id='word_1_90' title='bbox 1148 1884 1205 1965; x_wconf 90' lang='lat' dir='ltr'>in-</span> 
     </span>
     <span class='ocr_line' id='line_1_14' title="bbox 131 1984 1203 2125; baseline 0.012 -49"><span class='ocrx_word' id='word_1_91' title='bbox 131 1984 354 2115; x_wconf 81' lang='lat' dir='ltr'>expiabilem</span> <span class='ocrx_word' id='word_1_92' title='bbox 382 2001 639 2111; x_wconf 81' lang='lat' dir='ltr'>Gabinorum</span> <span class='ocrx_word' id='word_1_93' title='bbox 626 2030 721 2081; x_wconf 79' lang='lat' dir='ltr'>iram</span> <span class='ocrx_word' id='word_1_94' title='bbox 750 2009 851 2102; x_wconf 84' lang='grc' dir='ltr'>(τὸ</span> <span class='ocrx_word' id='word_1_95' title='bbox 834 2041 875 2086; x_wconf 81' lang='grc' dir='ltr'>εκ</span> <span class='ocrx_word' id='word_1_96' title='bbox 899 2021 978 2088; x_wconf 75' lang='grc' dir='ltr'>τῶν</span> <span class='ocrx_word' id='word_1_97' title='bbox 1003 1991 1203 2125; x_wconf 78' lang='grc' dir='ltr'>Καβείριιιν</span> 
     </span>
     <span class='ocr_line' id='line_1_15' title="bbox 58 2122 1203 2243; baseline 0.004 -41"><span class='ocrx_word' id='word_1_98' title='bbox 58 2155 61 2164; x_wconf 51' lang='lat'><em>¹</em></span> <span class='ocrx_word' id='word_1_99' title='bbox 127 2122 289 2233; x_wconf 72' lang='grc' dir='ltr'>μήνιμα)</span> <span class='ocrx_word' id='word_1_100' title='bbox 315 2148 435 2243; x_wconf 85' lang='lat' dir='ltr'>neque</span> <span class='ocrx_word' id='word_1_101' title='bbox 457 2129 613 2226; x_wconf 85' lang='lat' dir='ltr'>impune</span> <span class='ocrx_word' id='word_1_102' title='bbox 639 2129 770 2202; x_wconf 89' lang='lat' dir='ltr'>tulisse</span> <span class='ocrx_word' id='word_1_103' title='bbox 796 2132 1001 2228; x_wconf 85' lang='lat' dir='ltr'>quicunque</span> <span class='ocrx_word' id='word_1_104' title='bbox 1026 2132 1115 2206; x_wconf 89' lang='lat' dir='ltr'>baec</span> <span class='ocrx_word' id='word_1_105' title='bbox 1145 2156 1203 2207; x_wconf 91' lang='lat' dir='ltr'>sa-</span> 
     </span>
     <span class='ocr_line' id='line_1_16' title="bbox 128 2236 1202 2348; baseline 0.007 -28"><span class='ocrx_word' id='word_1_106' title='bbox 128 2270 191 2320; x_wconf 88' lang='lat' dir='ltr'>era</span> <span class='ocrx_word' id='word_1_107' title='bbox 215 2236 395 2346; x_wconf 81' lang='lat' dir='ltr'>privatim</span> <span class='ocrx_word' id='word_1_108' title='bbox 422 2236 526 2318; x_wconf 91' lang='lat' dir='ltr'>obire</span> <span class='ocrx_word' id='word_1_109' title='bbox 552 2258 617 2322; x_wconf 89' lang='lat' dir='ltr'>aut</span> <span class='ocrx_word' id='word_1_110' title='bbox 642 2247 825 2345; x_wconf 89' lang='lat' dir='ltr'>templum</span> <span class='ocrx_word' id='word_1_111' title='bbox 852 2250 1017 2348; x_wconf 86' lang='lat' dir='ltr'>expilare</span> <span class='ocrx_word' id='word_1_112' title='bbox 1043 2252 1126 2326; x_wconf 89' lang='lat' dir='ltr'>ausi</span> <span class='ocrx_word' id='word_1_113' title='bbox 1146 2275 1202 2327; x_wconf 84' lang='lat' dir='ltr'>es-</span> 
     </span>
     <span class='ocr_line' id='line_1_17' title="bbox 129 2360 1203 2483; baseline 0 -41"><span class='ocrx_word' id='word_1_114' title='bbox 129 2378 221 2442; x_wconf 88' lang='lat' dir='ltr'>sent</span> <span class='ocrx_word' id='word_1_115' title='bbox 279 2360 379 2441; x_wconf 90' lang='lat' dir='ltr'>Huic</span> <span class='ocrx_word' id='word_1_116' title='bbox 410 2367 615 2438; x_wconf 87' lang='lat' dir='ltr'>narrationi</span> <span class='ocrx_word' id='word_1_117' title='bbox 646 2369 787 2444; x_wconf 90' lang='lat' dir='ltr'>inserta</span> <span class='ocrx_word' id='word_1_118' title='bbox 811 2382 898 2441; x_wconf 87' lang='lat' dir='ltr'>sunt</span> <span class='ocrx_word' id='word_1_119' title='bbox 921 2371 1075 2443; x_wconf 89' lang='lat' dir='ltr'>nomina</span> <span class='ocrx_word' id='word_1_120' title='bbox 1098 2373 1203 2483; x_wconf 83' lang='lat' dir='ltr'>igno-</span> 
     </span>
     <span class='ocr_line' id='line_1_18' title="bbox 129 2474 1273 2592; baseline 0.003 -32"><span class='ocrx_word' id='word_1_121' title='bbox 129 2484 274 2581; x_wconf 86' lang='lat' dir='ltr'>tissima</span> <span class='ocrx_word' id='word_1_122' title='bbox 306 2482 514 2558; x_wconf 89' lang='lat' dir='ltr'>Promethei</span> <span class='ocrx_word' id='word_1_123' title='bbox 547 2495 590 2557; x_wconf 90' lang='lat' dir='ltr'>et</span> <span class='ocrx_word' id='word_1_124' title='bbox 609 2480 788 2578; x_wconf 83' lang='lat' dir='ltr'>Aetnaei,</span> <span class='ocrx_word' id='word_1_125' title='bbox 813 2478 1007 2584; x_wconf 84' lang='lat' dir='ltr'>Pelargae‚</span> <span class='ocrx_word' id='word_1_126' title='bbox 1032 2474 1201 2564; x_wconf 75' lang='lat' dir='ltr'>lstlrmia-</span> <span class='ocrx_word' id='word_1_127' title='bbox 1270 2588 1273 2592; x_wconf 12' lang='grc' dir='ltr'><strong>ῃ</strong></span> 
     </span>
    </p>
   </div>
   <div class='ocr_carea' id='block_1_6' title="bbox 6 2586 1257 2708">
    <p class='ocr_par' dir='ltr' id='par_1_6' title="bbox 6 2586 1257 2708">
     <span class='ocr_line' id='line_1_19' title="bbox 6 2586 1257 2708; baseline 0.004 -29"><span class='ocrx_word' id='word_1_128' title='bbox 6 2646 15 2667; x_wconf 63' lang='lat'><em>1</em></span> <span class='ocrx_word' id='word_1_129' title='bbox 129 2606 201 2680; x_wconf 88' lang='lat' dir='ltr'>dae</span> <span class='ocrx_word' id='word_1_130' title='bbox 227 2617 265 2678; x_wconf 89' lang='lat' dir='ltr'>et</span> <span class='ocrx_word' id='word_1_131' title='bbox 290 2586 490 2695; x_wconf 77' lang='lat' dir='ltr'>Telondae,</span> <span class='ocrx_word' id='word_1_132' title='bbox 516 2606 579 2702; x_wconf 90' lang='lat' dir='ltr'>qui</span> <span class='ocrx_word' id='word_1_133' title='bbox 606 2629 710 2707; x_wconf 90' lang='lat' dir='ltr'>sacra</span> <span class='ocrx_word' id='word_1_134' title='bbox 736 2592 911 2682; x_wconf 80' lang='lat' dir='ltr'>aCerere</span> <span class='ocrx_word' id='word_1_135' title='bbox 937 2613 1075 2708; x_wconf 90' lang='lat' dir='ltr'>partim</span> <span class='ocrx_word' id='word_1_136' title='bbox 1101 2634 1201 2684; x_wconf 88' lang='lat' dir='ltr'>acce·</span> <span class='ocrx_word' id='word_1_137' title='bbox 1252 2608 1257 2623; x_wconf 71' lang='grc'><strong>“</strong></span> 
     </span>
    </p>
   </div>
   <div class='ocr_carea' id='block_1_7' title="bbox 128 2700 1239 2841">
    <p class='ocr_par' dir='ltr' id='par_1_7' title="bbox 128 2700 1239 2841">
     <span class='ocr_line' id='line_1_20' title="bbox 128 2700 1239 2841; baseline 0.004 -43"><span class='ocrx_word' id='word_1_138' title='bbox 128 2706 229 2831; x_wconf 75' lang='lat' dir='ltr'>pisse</span> <span class='ocrx_word' id='word_1_139' title='bbox 254 2727 391 2824; x_wconf 89' lang='lat' dir='ltr'>partim</span> <span class='ocrx_word' id='word_1_140' title='bbox 418 2724 559 2841; x_wconf 89' lang='lat' dir='ltr'>abolita</span> <span class='ocrx_word' id='word_1_141' title='bbox 584 2700 790 2809; x_wconf 83' lang='lat' dir='ltr'>restituisse</span> <span class='ocrx_word' id='word_1_142' title='bbox 816 2727 996 2802; x_wconf 90' lang='lat' dir='ltr'>dicuntur.</span> <span class='ocrx_word' id='word_1_143' title='bbox 1060 2729 1135 2802; x_wconf 86' lang='lat' dir='ltr'>Sed</span> <span class='ocrx_word' id='word_1_144' title='bbox 1161 2733 1202 2802; x_wconf 93' lang='lat' dir='ltr'>in</span> <span class='ocrx_word' id='word_1_145' title='bbox 1236 2728 1239 2734; x_wconf 82' lang='grc'>’</span> 
     </span>
    </p>
   </div>
   <div class='ocr_carea' id='block_1_8' title="bbox 11 2839 1262 2993">
    <p class='ocr_par' dir='ltr' id='par_1_8' title="bbox 11 2839 1262 2993">
     <span class='ocr_line' id='line_1_21' title="bbox 11 2839 1262 2993; baseline 0.004 -78"><span class='ocrx_word' id='word_1_146' title='bbox 11 2905 19 2915; x_wconf 82' lang='grc'><em>,</em></span> <span class='ocrx_word' id='word_1_147' title='bbox 82 2869 89 2877; x_wconf 81' lang='grc'><em>·</em></span> <span class='ocrx_word' id='word_1_148' title='bbox 126 2844 441 2943; x_wconf 77' lang='lat' dir='ltr'>Messeniacorum</span> <span class='ocrx_word' id='word_1_149' title='bbox 474 2848 598 2993; x_wconf 85' lang='grc' dir='ltr'>Ριιιιιο</span> <span class='ocrx_word' id='word_1_150' title='bbox 633 2847 709 2944; x_wconf 85' lang='lat' dir='ltr'>(IV</span> <span class='ocrx_word' id='word_1_151' title='bbox 748 2847 801 2945; x_wconf 92' lang='lat' dir='ltr'>l.)</span> <span class='ocrx_word' id='word_1_152' title='bbox 835 2846 1054 2945; x_wconf 90' lang='lat' dir='ltr'>Methapum</span> <span class='ocrx_word' id='word_1_153' title='bbox 1088 2839 1202 2920; x_wconf 88' lang='lat' dir='ltr'>tradit</span> <span class='ocrx_word' id='word_1_154' title='bbox 1260 2862 1262 2865; x_wconf 82' lang='grc'><strong>’</strong></span> 
     </span>
    </p>
   </div>
   <div class='ocr_carea' id='block_1_9' title="bbox 124 2950 1200 3186">
    <p class='ocr_par' dir='ltr' id='par_1_9' title="bbox 124 2950 1200 3186">
     <span class='ocr_line' id='line_1_22' title="bbox 124 2950 1199 3069; baseline -0.001 -27"><span class='ocrx_word' id='word_1_155' title='bbox 124 2967 430 3042; x_wconf 90' lang='lat' dir='ltr'>Atheniensem</span> <span class='ocrx_word' id='word_1_156' title='bbox 410 2960 551 3069; x_wconf 66' lang='lat' dir='ltr'>epyrum</span> <span class='ocrx_word' id='word_1_157' title='bbox 572 2965 763 3042; x_wconf 77' lang='grc' dir='ltr'><em>παντοίων</em></span> <span class='ocrx_word' id='word_1_158' title='bbox 785 2969 973 3064; x_wconf 71' lang='grc' dir='ltr'>συνθέτην</span> <span class='ocrx_word' id='word_1_159' title='bbox 988 2965 1089 3068; x_wconf 87' lang='lat' dir='ltr'>apud</span> <span class='ocrx_word' id='word_1_160' title='bbox 1105 2950 1199 3041; x_wconf 84' lang='lat' dir='ltr'>The-</span> 
     </span>
     <span class='ocr_line' id='line_1_23' title="bbox 126 3076 1200 3186; baseline -0.001 -25"><span class='ocrx_word' id='word_1_161' title='bbox 126 3087 243 3161; x_wconf 80' lang='lat' dir='ltr'>banos</span> <span class='ocrx_word' id='word_1_162' title='bbox 284 3107 429 3186; x_wconf 86' lang='lat' dir='ltr'>quoque</span> <span class='ocrx_word' id='word_1_163' title='bbox 470 3076 688 3156; x_wconf 76' lang='lat' dir='ltr'>Gabinorum</span> <span class='ocrx_word' id='word_1_164' title='bbox 728 3083 879 3159; x_wconf 89' lang='lat' dir='ltr'>teletam</span> <span class='ocrx_word' id='word_1_165' title='bbox 920 3085 1129 3160; x_wconf 86' lang='lat' dir='ltr'>condidisse</span> <span class='ocrx_word' id='word_1_166' title='bbox 1163 3099 1200 3161; x_wconf 94' lang='lat' dir='ltr'>et</span> 
     </span>
    </p>
   </div>
   <div class='ocr_carea' id='block_1_10' title="bbox 126 3196 1199 3668">
    <p class='ocr_par' dir='ltr' id='par_1_10' title="bbox 126 3196 1199 3668">
     <span class='ocr_line' id='line_1_24' title="bbox 126 3196 1199 3307; baseline 0 -26"><span class='ocrx_word' id='word_1_167' title='bbox 126 3230 342 3304; x_wconf 82' lang='lat' dir='ltr'>magnarum</span> <span class='ocrx_word' id='word_1_168' title='bbox 379 3202 532 3278; x_wconf 90' lang='lat' dir='ltr'>dearum</span> <span class='ocrx_word' id='word_1_169' title='bbox 566 3203 606 3278; x_wconf 93' lang='lat' dir='ltr'>id</span> <span class='ocrx_word' id='word_1_170' title='bbox 641 3214 698 3279; x_wconf 89' lang='lat' dir='ltr'>est</span> <span class='ocrx_word' id='word_1_171' title='bbox 724 3202 866 3279; x_wconf 86' lang='lat' dir='ltr'>Cereris</span> <span class='ocrx_word' id='word_1_172' title='bbox 892 3220 930 3280; x_wconf 91' lang='lat' dir='ltr'>et</span> <span class='ocrx_word' id='word_1_173' title='bbox 955 3196 1199 3307; x_wconf 82' lang='lat' dir='ltr'>Proserpinae</span> 
     </span>
     <span class='ocr_line' id='line_1_25' title="bbox 128 3319 1199 3427; baseline 0.004 -28"><span class='ocrx_word' id='word_1_174' title='bbox 128 3332 240 3422; x_wconf 83' lang='lat' dir='ltr'>orgia,</span> <span class='ocrx_word' id='word_1_175' title='bbox 267 3351 362 3427; x_wconf 91' lang='lat' dir='ltr'>quae</span> <span class='ocrx_word' id='word_1_176' title='bbox 389 3319 510 3399; x_wconf 82' lang='lat' dir='ltr'>Cauco</span> <span class='ocrx_word' id='word_1_177' title='bbox 537 3325 749 3399; x_wconf 84' lang='lat' dir='ltr'>Eleusinios</span> <span class='ocrx_word' id='word_1_178' title='bbox 776 3348 859 3399; x_wconf 88' lang='lat' dir='ltr'>cum</span> <span class='ocrx_word' id='word_1_179' title='bbox 879 3320 1048 3402; x_wconf 84' lang='lat' dir='ltr'>Messene</span> <span class='ocrx_word' id='word_1_180' title='bbox 1073 3333 1199 3426; x_wconf 82' lang='lat' dir='ltr'>regina</span> 
     </span>
     <span class='ocr_line' id='line_1_26' title="bbox 128 3431 1198 3540; baseline 0.007 -24"><span class='ocrx_word' id='word_1_181' title='bbox 128 3449 452 3536; x_wconf 87' lang='lat' dir='ltr'>communicasset,</span> <span class='ocrx_word' id='word_1_182' title='bbox 476 3446 599 3540; x_wconf 84' lang='lat' dir='ltr'>Lycus</span> <span class='ocrx_word' id='word_1_183' title='bbox 625 3431 756 3522; x_wconf 89' lang='lat' dir='ltr'>autem</span> <span class='ocrx_word' id='word_1_184' title='bbox 777 3446 978 3523; x_wconf 87' lang='lat' dir='ltr'>Pandionis</span> <span class='ocrx_word' id='word_1_185' title='bbox 1003 3450 1101 3523; x_wconf 85' lang='lat' dir='ltr'>lilius</span> <span class='ocrx_word' id='word_1_186' title='bbox 1119 3473 1198 3523; x_wconf 90' lang='lat' dir='ltr'>am-</span> 
     </span>
     <span class='ocr_line' id='line_1_27' title="bbox 126 3564 1196 3668; baseline 0.006 -33"><span class='ocrx_word' id='word_1_187' title='bbox 126 3564 344 3662; x_wconf 84' lang='lat' dir='ltr'>plificasset,</span> <span class='ocrx_word' id='word_1_188' title='bbox 375 3564 481 3641; x_wconf 84' lang='lat' dir='ltr'>illum</span> <span class='ocrx_word' id='word_1_189' title='bbox 516 3565 638 3649; x_wconf 82' lang='lat' dir='ltr'>denuo</span> <span class='ocrx_word' id='word_1_190' title='bbox 671 3568 897 3642; x_wconf 83' lang='lat' dir='ltr'>instaurasse</span> <span class='ocrx_word' id='word_1_191' title='bbox 904 3594 914 3661; x_wconf 83' lang='lat'><em>3</em></span> <span class='ocrx_word' id='word_1_192' title='bbox 945 3569 1058 3668; x_wconf 88' lang='lat' dir='ltr'>idque</span> <span class='ocrx_word' id='word_1_193' title='bbox 1083 3581 1196 3642; x_wconf 88' lang='lat' dir='ltr'>testa-</span> 
     </span>
    </p>
   </div>
   <div class='ocr_carea' id='block_1_11' title="bbox 126 3686 1414 3783">
    <p class='ocr_par' dir='ltr' id='par_1_11' title="bbox 126 3686 1414 3783">
     <span class='ocr_line' id='line_1_28' title="bbox 126 3686 1414 3783; baseline -0.012 -13"><span class='ocrx_word' id='word_1_194' title='bbox 126 3696 209 3760; x_wconf 75' lang='lat' dir='ltr'>tum</span> <span class='ocrx_word' id='word_1_195' title='bbox 242 3706 322 3755; x_wconf 67' lang='lat'>³⁵⁸0</span> <span class='ocrx_word' id='word_1_196' title='bbox 356 3689 621 3783; x_wconf 81' lang='lat' dir='ltr'>epigrammate</span> <span class='ocrx_word' id='word_1_197' title='bbox 653 3697 801 3760; x_wconf 89' lang='lat' dir='ltr'>statuae</span> <span class='ocrx_word' id='word_1_198' title='bbox 832 3690 871 3761; x_wconf 91' lang='lat' dir='ltr'>in</span> <span class='ocrx_word' id='word_1_199' title='bbox 894 3687 1197 3782; x_wconf 63' lang='lat' dir='ltr'>‚Lycomidarum</span> <span class='ocrx_word' id='word_1_200' title='bbox 1273 3686 1304 3771; x_wconf 69' lang='lat' dir='ltr'><em>J</em></span> <span class='ocrx_word' id='word_1_201' title='bbox 1359 3728 1361 3731; x_wconf 95' lang='lat'>-</span> <span class='ocrx_word' id='word_1_202' title='bbox 1412 3732 1414 3737; x_wconf 81' lang='lat'><em>·</em></span> 
     </span>
    </p>
   </div>
   <div class='ocr_carea' id='block_1_12' title="bbox 128 3800 1245 3914">
    <p class='ocr_par' dir='ltr' id='par_1_12' title="bbox 128 3800 1245 3914">
     <span class='ocr_line' id='line_1_29' title="bbox 128 3800 1245 3914; baseline 0.002 -37"><span class='ocrx_word' id='word_1_203' title='bbox 128 3801 244 3877; x_wconf 83' lang='lat' dir='ltr'>Clisio</span> <span class='ocrx_word' id='word_1_204' title='bbox 270 3800 460 3913; x_wconf 79' lang='lat' dir='ltr'>dedicatae</span> <span class='ocrx_word' id='word_1_205' title='bbox 468 3809 523 3906; x_wconf 72' lang='lat'>[⁸].</span> <span class='ocrx_word' id='word_1_206' title='bbox 573 3804 646 3883; x_wconf 88' lang='lat' dir='ltr'>Hic</span> <span class='ocrx_word' id='word_1_207' title='bbox 671 3807 1108 3914; x_wconf 86' lang='lat' dir='ltr'>multarumlabularum</span> <span class='ocrx_word' id='word_1_208' title='bbox 1133 3805 1197 3879; x_wconf 85' lang='lat' dir='ltr'>fila</span> <span class='ocrx_word' id='word_1_209' title='bbox 1242 3905 1245 3907; x_wconf 10' lang='grc' dir='ltr'>ι</span> 
     </span>
    </p>
   </div>
   <div class='ocr_carea' id='block_1_13' title="bbox 77 3985 1153 4085">
    <p class='ocr_par' dir='ltr' id='par_1_13' title="bbox 77 3985 1153 4085">
     <span class='ocr_line' id='line_1_30' title="bbox 77 3985 1153 4085; baseline 0 -17"><span class='ocrx_word' id='word_1_210' title='bbox 77 4020 82 4037; x_wconf 83' lang='lat'><strong><em>‘</em></strong></span> <span class='ocrx_word' id='word_1_211' title='bbox 198 4009 247 4081; x_wconf 58' lang='grc' dir='ltr'>[ἃ]</span> <span class='ocrx_word' id='word_1_212' title='bbox 268 4006 388 4081; x_wconf 73' lang='grc' dir='ltr'>’Ἠγνισιι</span> <span class='ocrx_word' id='word_1_213' title='bbox 405 4009 432 4063; x_wconf 83' lang='lat' dir='ltr'>‹l&#39;</span> <span class='ocrx_word' id='word_1_214' title='bbox 449 4007 574 4084; x_wconf 80' lang='grc' dir='ltr'><strong><em>Ἑρμείαο</em></strong></span> <span class='ocrx_word' id='word_1_215' title='bbox 593 4010 712 4085; x_wconf 71' lang='grc' dir='ltr'><em>δρόμους</em></span> <span class='ocrx_word' id='word_1_216' title='bbox 730 3985 865 4083; x_wconf 67' lang='lat' dir='ltr'>[erudito]</span> <span class='ocrx_word' id='word_1_217' title='bbox 884 4006 1060 4082; x_wconf 70' lang='grc' dir='ltr'>ιε’κέιειιθα,</span> <span class='ocrx_word' id='word_1_218' title='bbox 1089 4044 1094 4048; x_wconf 94' lang='grc'>-</span> <span class='ocrx_word' id='word_1_219' title='bbox 1124 4041 1153 4068; x_wconf 86' lang='lat'>·.</span> 
     </span>
    </p>
   </div>
   <div class='ocr_carea' id='block_1_14' title="bbox 0 0 1468 4684">
    <p class='ocr_par' dir='ltr' id='par_1_14' title="bbox 0 0 1468 4684">
     <span class='ocr_line' id='line_1_31' title="bbox 0 0 1468 4684; baseline 0 3"><span class='ocrx_word' id='word_1_220' title='bbox 0 0 1468 4684; x_wconf 95' lang='lat' dir='ltr'> </span> 
     </span>
    </p>
   </div>
  </div>
 </body>
</html>
