2925 4684
275 186 353 261 884
601 198 745 251 crena
768 196 1029 250 accusans.

275 361 351 449 ille,
376 353 557 454 quidquid
584 352 719 449 ubique
746 353 908 449 aliquam
938 354 1193 427 occultationis
1211 369 1277 427 aut
1285 355 1350 426 ob·

276 478 463 555 scuritatis
477 475 639 570 speciem
653 471 827 561 ostendit,
842 471 1020 545 obstricto
1033 474 1140 563 colln,
1154 496 1232 548 nnn
1243 459 1351 549 aliter

277 597 447 699 quamsi
472 593 611 666 iiscalia
635 594 788 665 nomina
813 595 993 687 exigeret,
1027 595 1141 667 tralrit
1165 598 1348 693 rapitque.

180 785 192 811 ‚
275 720 372 796 Nam
392 714 448 790 ad.
465 714 711 788 hunc'locum
736 726 774 785 et
793 711 843 786 ad
862 735 946 786 eam
964 716 1230 811 quaestionem,
1256 739 1351 812 qnae

278 852 335 913 est
361 837 409 911 (le
433 835 675 930 ambiguitate
700 832 913 922 verborum,
929 836 1012 908 ista
1036 836 1130 907 nihil
1155 838 1351 934 pertinere,
1416 873 1422 880 »

277 981 406 1034 omnes
441 955 582 1030 vident.
635 953 710 1028 Sed
736 955 906 1052 suppetit
928 955 1003 1028 alia
1027 959 1091 1029 via
1116 955 1166 1028 ad
1189 956 1349 1054 proban·

173 1117 178 1122 2
278 1082 386 1173 dum,
410 1077 673 1174 mysteriorum
698 1086 885 1147 curatores
911 1074 1087 1169 singulari
1112 1074 1275 1173 quodam
1294 1074 1349 1148 di-

278 1200 384 1276 cendi
409 1221 540 1294 genere
565 1196 713 1291 gavisos
740 1216 832 1284 esse,
857 1196 994 1291 partim
1021 1194 1068 1268 ab
1094 1194 1262 1270 obsoleta
1286 1219 1350 1271 ve-

278 1330 416 1397 tustate
457 1319 635 1416 repetito,
677 1317 814 1413 partim
845 1313 1149 1390 translationibus
1181 1317 1349 1411 imagini

279 1445 418 1541 busque
449 1438 624 1512 colorato.
682 1436 754 1508 Prn
786 1436 852 1509 illo
884 1437 1035 1510 afferam
1061 1436 1222 1511 Diodori
1246 1438 1350 1510 testi-

195 1611 199 1616 ·
277 1565 445 1638 menium
486 1561 550 1657 qui
590 1558 862 1633 vetustissimos
902 1558 1180 1634 Samothraciae
1209 1557 1350 1631 incolas

277 1684 432 1783 propria
461 1678 624 1778 quadam
651 1677 809 1750 dialecto
837 1695 923 1751 usos
949 1678 1135 1775 perhibet,
1161 1674 1203 1775 ἧς
1228 1678 1345 1755 πολλὰ

278 1809 319 1883 ἐν
343 1808 425 1887 ταῖς
450 1799 605 1885 θυσίαις
629 1801 736 1897 μέχρι
760 1807 829 1875 τοῦ
855 1808 928 1876 νῦν
951 1807 1134 1900 τηρεῖται,
1166 1819 1242 1871 non
1272 1818 1347 1895 quo

278 1920 523 1995 demonstrari
548 1919 684 2016 possit,
711 1918 971 1990 sacrificiorum
996 1920 1147 1992 nomine
1171 1919 1349 2014 mysteria

277 2040 486 2137 significari,
510 2037 578 2111 sed
603 2038 701 2133 quia,
726 2048 909 2133 utcunque
934 2040 1144 2136 accipietur,
1170 2062 1253 2112 cum
1266 2039 1347 2110 uni-

262 2182 388 2244 ,versa
428 2180 557 2246 causa,
599 2179 711 2262 quam
753 2168 972 2249 tractamus,
1011 2162 1246 2256 conJuncmm
1279 2170 1346 2231 est.

278 2280 402 2377 Hujus
441 2281 553 2373 igitur
591 2277 867 2352 Samothraciae
905 2277 1054 2370 dialecti
1088 2301 1203 2352 unum
1234 2277 1346 2352 hodie

176 2419 183 2426 ·
228 2485 231 2498 Ι
278 2412 447 2498 superest
466 2399 693 2494 exemplum
730 2421 755 2470 a
787 2397 999 2471 Maittaerin
1015 2379 1346 2497 praetermissum,

216 2529 243 2624 ’1
278 2512 373 2595 illud
419 2517 520 2615 quod
559 2517 770 2612 Hesychius
812 2521 994 2594 servavit:
1048 2519 1243 2621 Παύρακις
1276 2519 1345 2615 τὴν

277 2625 446 2744 πέμπτην
470 2636 724 2740 Σαμόθρακες
750 2640 906 2742 λέγουσι.
940 2635 1051 2727 Quod
1069 2646 1101 2713 ai
1121 2662 1231 2737 quem
1249 2639 1345 2712 forte
1369 2709 1372 2724 ,

200 2842 209 2855 l
277 2759 418 2858 pudeat
442 2758 583 2832 nescire
609 2758 697 2856 quid
722 2757 894 2833 vocabuli
920 2760 980 2848 sit,
1006 2759 1129 2861 licebit
1154 2760 1214 2834 vel
1236 2760 1345 2857 puni-

279 2903 363 2954 cum
404 2877 503 2952 ucat
522 2880 598 2953 ⁴vel
632 2880 914 2969 samscriticum3
951 2901 1037 2953 narn
1070 2880 1345 2954 Samothraciae

278 2999 498 3096 Aborigines
532 3000 666 3096 punice
690 3000 863 3096 loquutus
889 3021 970 3073 esse
995 2997 1155 3072 affirmat
1178 2999 1346 3073 Muente-
1385 3040 1389 3048 ‹

159 3204 162 3212 ι
278 3120 409 3218 rus[⁸],
435 3099 658 3198 aamscritice
674 3113 987 3219 Groteicntlus[¹'],
1013 3131 1050 3192 et
1066 3131 1249 3208 neutrum
1269 3142 1344 3191 cre-

252 3297 257 3317 '
351 3320 397 3389 [a]
423 3321 559 3391 nequer.
573 3321 702 3375 asinar.
722 3339 750 3391 p.
762 3320 821 3374 sar.
839 3322 885 3374 un
901 3323 1015 3375 emunt
1031 3321 1172 3375 mosoma
1188 3329 1245 3375 too
1261 3322 1343 3385 caen,

281 3396 312 3443 nt
332 3391 420 3455 alunt,
443 3407 558 3456 errasse,
581 3409 658 3461 quum
676 3391 859 3445 Samothraces
877 3393 976 3461 priscos
992 3393 1160 3462 Pelasgorum
1176 3392 1266 3461 lingna
1282 3408 1343 3443 uses

280 3460 430 3514 diceret:
455 3460 498 3513 Im
523 3459 740 3530 Gegentheil
765 3461 888 3530 glaube
912 3463 981 3528 ieb,
1006 3464 1085 3516 dass
1109 3464 1162 3515 ‹lie
1187 3460 1342 3532 Spracbe
1380 3527 1383 3530 Ι

280 3531 376 3584 eines
400 3531 565 3596 sorehen
595 3530 660 3585 und
687 3533 935 3600 ungebildeten
964 3534 1127 3586 Stammes
1157 3533 1224 3601 (der
1246 3531 1342 3584 Pelas-

299 3601 348 3669 er)
372 3599 471 3653 hcine
489 3601 693 3656 husdrieke
716 3603 771 3655 iirr
794 3602 848 3657 die
872 3604 1052 3673 Begrifie,
1076 3604 1206 3656 welche
1228 3603 1261 3655 in
1279 3602 1342 3654 den

317 3670 478 3740 ysterien
502 3671 688 3725 enthelten
713 3690 842 3739 waren,
870 3674 1002 3743 gebabt
1031 3674 1124 3726 babe.
1168 3672 1265 3727 Nescio
1290 3688 1342 3742 qno

279 3741 354 3796 mode
371 3740 421 3794 boe
437 3741 470 3794 iis
487 3743 678 3811 approbaturus
694 3743 738 3809 sit,
755 3744 802 3815 qni
817 3744 945 3813 Pelasgos
962 3745 1092 3814 perlectos
1108 3742 1245 3797 ldealistas
1261 3742 1342 3795 fuisse
1380 3755 1387 3774 ⁹

276 3814 374 3881 jurant
608 3826 611 3834 ·
871 3842 875 3849 ‚

349 3912 392 3984 [h]
412 3885 569 3984 Aligemeine
586 3915 727 3987 Eneyclop.
751 3936 774 3970 v.
793 3913 878 3970 Erech
895 3934 920 3969 n.
939 3916 1045 3969 Gruber
1062 3917 1097 3969 Τ.
1111 3916 1157 3968 Vl.
1175 3933 1201 3985 p.
1214 3912 1275 3969 248.
1288 3913 1341 3965 die

279 3984 391 4037 rieien
421 3987 573 4042 isernien
598 3987 752 4052 Wbrter,
783 3987 915 4054 melche
946 3987 1027 4039 nach
1059 3986 1193 4039 Diodor
1218 3984 1253 4037 in
1279 3984 1341 4036 den
