<?xml version="1.0" encoding="UTF-8"?>
<!DOCTYPE html PUBLIC "-//W3C//DTD XHTML 1.0 Transitional//EN"
    "http://www.w3.org/TR/xhtml1/DTD/xhtml1-transitional.dtd">
<html xmlns="http://www.w3.org/1999/xhtml" xml:lang="en" lang="en">
 <head>
  <title>
</title>
<meta http-equiv="Content-Type" content="text/html;charset=utf-8" />
  <meta name='ocr-system' content='tesseract 3.04.00' />
  <meta name='ocr-capabilities' content='ocr_page ocr_carea ocr_par ocr_line ocrx_word'/>
</head>
<body>
  <div class='ocr_page' id='page_1' title='image "aglaophamussive00lobegoog_0096.png"; bbox 0 0 2925 4684; ppageno 0'>
   <div class='ocr_carea' id='block_1_1' title="bbox 257 227 1019 299">
    <p class='ocr_par' dir='ltr' id='par_1_1' title="bbox 257 227 1019 299">
     <span class='ocr_line' id='line_1_1' title="bbox 257 227 1019 299; baseline -0.022 1"><span class='ocrx_word' id='word_1_1' title='bbox 257 227 336 299; x_wconf 75' lang='lat' dir='ltr'>sto</span> <span class='ocrx_word' id='word_1_2' title='bbox 590 232 732 285; x_wconf 81' lang='grc' dir='ltr'>ιιιιιιιι</span> <span class='ocrx_word' id='word_1_3' title='bbox 759 232 1019 286; x_wconf 78' lang='lat' dir='ltr'>secunous.</span> 
     </span>
    </p>
   </div>
   <div class='ocr_carea' id='block_1_2' title="bbox 260 388 1406 1087">
    <p class='ocr_par' dir='ltr' id='par_1_2' title="bbox 260 388 1406 1087">
     <span class='ocr_line' id='line_1_2' title="bbox 261 388 1333 489; baseline -0.005 -22"><span class='ocrx_word' id='word_1_4' title='bbox 261 395 361 485; x_wconf 80' lang='lat' dir='ltr'>Quid</span> <span class='ocrx_word' id='word_1_5' title='bbox 400 394 501 466; x_wconf 84' lang='lat' dir='ltr'>euim</span> <span class='ocrx_word' id='word_1_6' title='bbox 540 390 746 488; x_wconf 72' lang='lat' dir='ltr'>discrepat,</span> <span class='ocrx_word' id='word_1_7' title='bbox 785 392 884 489; x_wconf 87' lang='lat' dir='ltr'>quod</span> <span class='ocrx_word' id='word_1_8' title='bbox 924 390 1135 464; x_wconf 76' lang='lat' dir='ltr'>Heraclitus</span> <span class='ocrx_word' id='word_1_9' title='bbox 1168 388 1263 461; x_wconf 81' lang='lat' dir='ltr'>dixit</span> <span class='ocrx_word' id='word_1_10' title='bbox 1296 404 1333 462; x_wconf 87' lang='lat' dir='ltr'>et</span> 
     </span>
     <span class='ocr_line' id='line_1_3' title="bbox 260 508 1332 612; baseline -0.008 -23"><span class='ocrx_word' id='word_1_11' title='bbox 260 518 352 590; x_wconf 79' lang='lat' dir='ltr'>saite</span> <span class='ocrx_word' id='word_1_12' title='bbox 376 512 546 612; x_wconf 84' lang='lat' dir='ltr'>quidem,</span> <span class='ocrx_word' id='word_1_13' title='bbox 571 525 614 585; x_wconf 89' lang='lat' dir='ltr'>ut</span> <span class='ocrx_word' id='word_1_14' title='bbox 637 512 835 585; x_wconf 82' lang='lat' dir='ltr'>Eustathio</span> <span class='ocrx_word' id='word_1_15' title='bbox 860 510 1010 586; x_wconf 84' lang='lat' dir='ltr'>videtur</span> <span class='ocrx_word' id='word_1_16' title='bbox 1034 508 1085 582; x_wconf 88' lang='lat' dir='ltr'>ad</span> <span class='ocrx_word' id='word_1_17' title='bbox 1108 510 1197 582; x_wconf 81' lang='lat' dir='ltr'>lll</span> <span class='ocrx_word' id='word_1_18' title='bbox 1219 533 1256 605; x_wconf 92' lang='lat' dir='ltr'>p.</span> <span class='ocrx_word' id='word_1_19' title='bbox 1270 509 1332 582; x_wconf 82' lang='lat'>41.</span> 
     </span>
     <span class='ocr_line' id='line_1_4' title="bbox 261 627 1332 735; baseline -0.008 -22"><span class='ocrx_word' id='word_1_20' title='bbox 261 646 330 713; x_wconf 82' lang='grc' dir='ltr'>τοῦ</span> <span class='ocrx_word' id='word_1_21' title='bbox 360 638 449 735; x_wconf 79' lang='grc' dir='ltr'>βιοῦ</span> <span class='ocrx_word' id='word_1_22' title='bbox 481 634 524 709; x_wconf 84' lang='grc' dir='ltr'>τὸ</span> <span class='ocrx_word' id='word_1_23' title='bbox 559 631 630 731; x_wconf 70' lang='grc' dir='ltr'>μὲν</span> <span class='ocrx_word' id='word_1_24' title='bbox 656 635 778 731; x_wconf 75' lang='grc' dir='ltr'><em>ὄνομα</em></span> <span class='ocrx_word' id='word_1_25' title='bbox 802 633 905 731; x_wconf 77' lang='grc' dir='ltr'><strong><em>βίος,</em></strong></span> <span class='ocrx_word' id='word_1_26' title='bbox 930 634 974 708; x_wconf 85' lang='grc' dir='ltr'>τὸ</span> <span class='ocrx_word' id='word_1_27' title='bbox 1000 631 1044 708; x_wconf 70' lang='grc' dir='ltr'>δὲ</span> <span class='ocrx_word' id='word_1_28' title='bbox 1071 634 1182 735; x_wconf 71' lang='grc' dir='ltr'><em>ἔργον</em></span> <span class='ocrx_word' id='word_1_29' title='bbox 1205 627 1332 705; x_wconf 64' lang='grc' dir='ltr'>θάνα-</span> 
     </span>
     <span class='ocr_line' id='line_1_5' title="bbox 261 749 1333 852; baseline -0.01 -20"><span class='ocrx_word' id='word_1_30' title='bbox 261 787 325 841; x_wconf 79' lang='grc' dir='ltr'>τος</span> <span class='ocrx_word' id='word_1_31' title='bbox 341 755 399 852; x_wconf 75' lang='lat'><strong>[‘]‚</strong></span> <span class='ocrx_word' id='word_1_32' title='bbox 424 755 561 849; x_wconf 85' lang='lat' dir='ltr'>inquo</span> <span class='ocrx_word' id='word_1_33' title='bbox 587 753 676 824; x_wconf 85' lang='lat' dir='ltr'>lusit</span> <span class='ocrx_word' id='word_1_34' title='bbox 702 755 815 824; x_wconf 87' lang='lat' dir='ltr'>etiam</span> <span class='ocrx_word' id='word_1_35' title='bbox 841 751 909 825; x_wconf 79' lang='lat' dir='ltr'>sed</span> <span class='ocrx_word' id='word_1_36' title='bbox 933 752 1009 824; x_wconf 74' lang='lat' dir='ltr'>alio</span> <span class='ocrx_word' id='word_1_37' title='bbox 1034 750 1148 823; x_wconf 86' lang='lat' dir='ltr'>modo</span> <span class='ocrx_word' id='word_1_38' title='bbox 1168 749 1333 822; x_wconf 72' lang='lat' dir='ltr'>Lucilius</span> 
     </span>
     <span class='ocr_line' id='line_1_6' title="bbox 265 870 1406 968; baseline -0.006 -22"><span class='ocrx_word' id='word_1_39' title='bbox 265 875 368 946; x_wconf 84' lang='lat' dir='ltr'>Van.</span> <span class='ocrx_word' id='word_1_40' title='bbox 394 874 437 946; x_wconf 81' lang='lat' dir='ltr'>L.</span> <span class='ocrx_word' id='word_1_41' title='bbox 462 872 503 944; x_wconf 83' lang='lat' dir='ltr'>L.</span> <span class='ocrx_word' id='word_1_42' title='bbox 521 880 565 968; x_wconf 75' lang='lat' dir='ltr'>p.</span> <span class='ocrx_word' id='word_1_43' title='bbox 595 871 653 945; x_wconf 73' lang='grc'><strong>18.</strong></span> <span class='ocrx_word' id='word_1_44' title='bbox 682 872 765 943; x_wconf 83' lang='lat' dir='ltr'>Vis</span> <span class='ocrx_word' id='word_1_45' title='bbox 789 883 862 943; x_wconf 87' lang='lat' dir='ltr'>est</span> <span class='ocrx_word' id='word_1_46' title='bbox 886 873 1006 959; x_wconf 81' lang='lat' dir='ltr'>vita,</span> <span class='ocrx_word' id='word_1_47' title='bbox 1040 870 1193 957; x_wconf 83' lang='lat' dir='ltr'>vides,</span> <span class='ocrx_word' id='word_1_48' title='bbox 1220 892 1335 965; x_wconf 85' lang='lat' dir='ltr'>quae</span> <span class='ocrx_word' id='word_1_49' title='bbox 1399 953 1406 962; x_wconf 22' lang='grc' dir='ltr'>ι</span> 
     </span>
     <span class='ocr_line' id='line_1_7' title="bbox 263 991 1336 1087; baseline -0.007 -19"><span class='ocrx_word' id='word_1_50' title='bbox 263 1017 347 1068; x_wconf 83' lang='lat' dir='ltr'>nos</span> <span class='ocrx_word' id='word_1_51' title='bbox 372 995 528 1067; x_wconf 83' lang='lat' dir='ltr'>faeere</span> <span class='ocrx_word' id='word_1_52' title='bbox 553 993 713 1064; x_wconf 81' lang='lat' dir='ltr'>omnia</span> <span class='ocrx_word' id='word_1_53' title='bbox 734 993 881 1085; x_wconf 82' lang='lat' dir='ltr'>oogit3</span> <span class='ocrx_word' id='word_1_54' title='bbox 914 1010 1072 1087; x_wconf 77' lang='lat' dir='ltr'>qnorum</span> <span class='ocrx_word' id='word_1_55' title='bbox 1097 992 1191 1062; x_wconf 83' lang='lat' dir='ltr'>alter</span> <span class='ocrx_word' id='word_1_56' title='bbox 1214 991 1336 1061; x_wconf 89' lang='lat' dir='ltr'>notio·</span> 
     </span>
    </p>
   </div>
   <div class='ocr_carea' id='block_1_3' title="bbox 125 1111 1336 1208">
    <p class='ocr_par' dir='ltr' id='par_1_3' title="bbox 125 1111 1336 1208">
     <span class='ocr_line' id='line_1_8' title="bbox 125 1111 1336 1208; baseline -0.007 -19"><span class='ocrx_word' id='word_1_57' title='bbox 125 1184 129 1197; x_wconf 86' lang='grc'><em>,</em></span> <span class='ocrx_word' id='word_1_58' title='bbox 265 1138 331 1188; x_wconf 88' lang='lat' dir='ltr'>nes</span> <span class='ocrx_word' id='word_1_59' title='bbox 355 1117 396 1186; x_wconf 90' lang='lat' dir='ltr'>in</span> <span class='ocrx_word' id='word_1_60' title='bbox 423 1112 552 1186; x_wconf 89' lang='lat' dir='ltr'>eadem</span> <span class='ocrx_word' id='word_1_61' title='bbox 578 1114 702 1208; x_wconf 80' lang='lat' dir='ltr'>speeie</span> <span class='ocrx_word' id='word_1_62' title='bbox 726 1112 899 1199; x_wconf 71' lang='lat' dir='ltr'>indum,</span> <span class='ocrx_word' id='word_1_63' title='bbox 925 1111 1019 1182; x_wconf 85' lang='lat' dir='ltr'>alter</span> <span class='ocrx_word' id='word_1_64' title='bbox 1043 1112 1084 1182; x_wconf 90' lang='lat' dir='ltr'>in</span> <span class='ocrx_word' id='word_1_65' title='bbox 1106 1112 1224 1182; x_wconf 83' lang='lat' dir='ltr'>simili</span> <span class='ocrx_word' id='word_1_66' title='bbox 1242 1132 1336 1182; x_wconf 88' lang='lat' dir='ltr'>sono</span> 
     </span>
    </p>
   </div>
   <div class='ocr_carea' id='block_1_4' title="bbox 164 1229 1443 2170">
    <p class='ocr_par' dir='ltr' id='par_1_4' title="bbox 164 1229 1443 2170">
     <span class='ocr_line' id='line_1_9' title="bbox 266 1229 1336 1333; baseline -0.005 -26"><span class='ocrx_word' id='word_1_67' title='bbox 266 1232 452 1333; x_wconf 85' lang='lat' dir='ltr'>quandam</span> <span class='ocrx_word' id='word_1_68' title='bbox 478 1233 589 1304; x_wconf 83' lang='lat' dir='ltr'>etiam</span> <span class='ocrx_word' id='word_1_69' title='bbox 612 1232 835 1326; x_wconf 75' lang='lat' dir='ltr'>signifioatus</span> <span class='ocrx_word' id='word_1_70' title='bbox 855 1231 1149 1305; x_wconf 75' lang='lat' dir='ltr'>oen&#39;venientiam</span> <span class='ocrx_word' id='word_1_71' title='bbox 1170 1229 1336 1302; x_wconf 75' lang='lat' dir='ltr'>auhnad-</span> 
     </span>
     <span class='ocr_line' id='line_1_10' title="bbox 265 1349 1337 1448; baseline -0.007 -18"><span class='ocrx_word' id='word_1_72' title='bbox 265 1366 410 1431; x_wconf 82' lang='lat' dir='ltr'>vertere</span> <span class='ocrx_word' id='word_1_73' title='bbox 444 1352 516 1425; x_wconf 84' lang='lat' dir='ltr'>sibi</span> <span class='ocrx_word' id='word_1_74' title='bbox 547 1353 653 1426; x_wconf 82' lang='lat' dir='ltr'>visus</span> <span class='ocrx_word' id='word_1_75' title='bbox 678 1365 745 1423; x_wconf 74' lang='lat' dir='ltr'>est.</span> <span class='ocrx_word' id='word_1_76' title='bbox 797 1349 918 1439; x_wconf 77' lang='lat' dir='ltr'>Quam</span> <span class='ocrx_word' id='word_1_77' title='bbox 945 1351 1084 1421; x_wconf 80' lang='lat' dir='ltr'>similes</span> <span class='ocrx_word' id='word_1_78' title='bbox 1118 1352 1175 1423; x_wconf 89' lang='lat' dir='ltr'>his</span> <span class='ocrx_word' id='word_1_79' title='bbox 1199 1354 1337 1448; x_wconf 83' lang='lat' dir='ltr'>reperi·</span> 
     </span>
     <span class='ocr_line' id='line_1_11' title="bbox 164 1470 1338 1569; baseline -0.007 -20"><span class='ocrx_word' id='word_1_80' title='bbox 164 1485 168 1495; x_wconf 93' lang='grc'><strong>’</strong></span> <span class='ocrx_word' id='word_1_81' title='bbox 266 1485 378 1548; x_wconf 86' lang='lat' dir='ltr'>untur</span> <span class='ocrx_word' id='word_1_82' title='bbox 410 1473 610 1569; x_wconf 83' lang='lat' dir='ltr'>Epimrum</span> <span class='ocrx_word' id='word_1_83' title='bbox 643 1482 681 1542; x_wconf 85' lang='lat' dir='ltr'>et</span> <span class='ocrx_word' id='word_1_84' title='bbox 712 1470 950 1566; x_wconf 70' lang='lat' dir='ltr'>&#39;fragitanum</span> <span class='ocrx_word' id='word_1_85' title='bbox 976 1484 1144 1543; x_wconf 75' lang='lat' dir='ltr'>veterum</span> <span class='ocrx_word' id='word_1_86' title='bbox 1170 1471 1273 1542; x_wconf 78' lang='lat' dir='ltr'>lums</span> <span class='ocrx_word' id='word_1_87' title='bbox 1297 1473 1338 1541; x_wconf 89' lang='lat' dir='ltr'>in</span> 
     </span>
     <span class='ocr_line' id='line_1_12' title="bbox 267 1590 1337 1685; baseline -0.004 -19"><span class='ocrx_word' id='word_1_88' title='bbox 267 1591 516 1680; x_wconf 83' lang='lat' dir='ltr'>conferendis,</span> <span class='ocrx_word' id='word_1_89' title='bbox 542 1592 575 1661; x_wconf 86' lang='lat' dir='ltr'>si</span> <span class='ocrx_word' id='word_1_90' title='bbox 600 1611 674 1685; x_wconf 87' lang='lat' dir='ltr'>qua</span> <span class='ocrx_word' id='word_1_91' title='bbox 700 1590 797 1663; x_wconf 82' lang='lat' dir='ltr'>forte</span> <span class='ocrx_word' id='word_1_92' title='bbox 821 1605 1078 1685; x_wconf 67' lang='lat' dir='ltr'>congressam,</span> <span class='ocrx_word' id='word_1_93' title='bbox 1103 1591 1257 1663; x_wconf 85' lang='lat' dir='ltr'>heroum</span> <span class='ocrx_word' id='word_1_94' title='bbox 1280 1613 1337 1663; x_wconf 76' lang='grc' dir='ltr'>ω-</span> 
     </span>
     <span class='ocr_line' id='line_1_13' title="bbox 269 1705 1443 1810; baseline 0 -24"><span class='ocrx_word' id='word_1_95' title='bbox 269 1712 371 1786; x_wconf 83' lang='lat' dir='ltr'>sibus</span> <span class='ocrx_word' id='word_1_96' title='bbox 404 1725 442 1785; x_wconf 88' lang='lat' dir='ltr'>et</span> <span class='ocrx_word' id='word_1_97' title='bbox 473 1705 763 1810; x_wconf 59' lang='lat' dir='ltr'>nominibusiff]</span> <span class='ocrx_word' id='word_1_98' title='bbox 796 1708 919 1800; x_wconf 83' lang='lat' dir='ltr'>Quam</span> <span class='ocrx_word' id='word_1_99' title='bbox 944 1711 1111 1783; x_wconf 81' lang='lat' dir='ltr'>sollerter</span> <span class='ocrx_word' id='word_1_100' title='bbox 1137 1713 1251 1782; x_wconf 85' lang='lat' dir='ltr'>etiam</span> <span class='ocrx_word' id='word_1_101' title='bbox 1275 1711 1337 1782; x_wconf 78' lang='lat' dir='ltr'>he</span> <span class='ocrx_word' id='word_1_102' title='bbox 1440 1779 1443 1786; x_wconf 92' lang='lat'>.</span> 
     </span>
     <span class='ocr_line' id='line_1_14' title="bbox 270 1831 1337 1928; baseline -0.005 -22"><span class='ocrx_word' id='word_1_103' title='bbox 270 1833 474 1927; x_wconf 79' lang='lat' dir='ltr'>braioarum</span> <span class='ocrx_word' id='word_1_104' title='bbox 517 1832 909 1910; x_wconf 78' lang='lat' dir='ltr'>literarum&#39;auotmes</span> <span class='ocrx_word' id='word_1_105' title='bbox 942 1832 1188 1928; x_wconf 75' lang='lat' dir='ltr'>antiquissimi</span> <span class='ocrx_word' id='word_1_106' title='bbox 1218 1831 1337 1902; x_wconf 84' lang='lat' dir='ltr'>homi-</span> 
     </span>
     <span class='ocr_line' id='line_1_15' title="bbox 268 1950 1338 2045; baseline -0.002 -20"><span class='ocrx_word' id='word_1_107' title='bbox 268 1976 359 2025; x_wconf 90' lang='lat' dir='ltr'>num</span> <span class='ocrx_word' id='word_1_108' title='bbox 393 1951 575 2027; x_wconf 88' lang='lat' dir='ltr'>vocabula</span> <span class='ocrx_word' id='word_1_109' title='bbox 607 1974 652 2022; x_wconf 87' lang='lat' dir='ltr'>ex</span> <span class='ocrx_word' id='word_1_110' title='bbox 678 1951 854 2045; x_wconf 81' lang='lat' dir='ltr'>ouJ‘usque</span> <span class='ocrx_word' id='word_1_111' title='bbox 879 1950 1006 2025; x_wconf 85' lang='lat' dir='ltr'>indole</span> <span class='ocrx_word' id='word_1_112' title='bbox 1032 1964 1071 2023; x_wconf 89' lang='lat' dir='ltr'>et</span> <span class='ocrx_word' id='word_1_113' title='bbox 1094 1950 1200 2022; x_wconf 74' lang='lat' dir='ltr'>factis</span> <span class='ocrx_word' id='word_1_114' title='bbox 1225 1953 1338 2023; x_wconf 81' lang='lat' dir='ltr'>inter-</span> 
     </span>
     <span class='ocr_line' id='line_1_16' title="bbox 270 2069 1339 2170; baseline -0.002 -25"><span class='ocrx_word' id='word_1_115' title='bbox 270 2076 410 2170; x_wconf 84' lang='lat' dir='ltr'>pretari</span> <span class='ocrx_word' id='word_1_116' title='bbox 442 2069 587 2145; x_wconf 77' lang='lat' dir='ltr'>solenti</span> <span class='ocrx_word' id='word_1_117' title='bbox 621 2069 725 2142; x_wconf 80' lang='lat' dir='ltr'>Haec</span> <span class='ocrx_word' id='word_1_118' title='bbox 741 2072 822 2165; x_wconf 48' lang='lat' dir='ltr'>‘q&#39;ui</span> <span class='ocrx_word' id='word_1_119' title='bbox 854 2070 1061 2143; x_wconf 77' lang='lat' dir='ltr'>consideret</span> <span class='ocrx_word' id='word_1_120' title='bbox 1085 2083 1124 2142; x_wconf 87' lang='lat' dir='ltr'>et</span> <span class='ocrx_word' id='word_1_121' title='bbox 1148 2082 1339 2167; x_wconf 87' lang='lat' dir='ltr'>praeterea</span> 
     </span>
    </p>
   </div>
   <div class='ocr_carea' id='block_1_5' title="bbox 269 2188 1460 2289">
    <p class='ocr_par' dir='ltr' id='par_1_5' title="bbox 269 2188 1460 2289">
     <span class='ocr_line' id='line_1_17' title="bbox 269 2188 1460 2289; baseline 0 -26"><span class='ocrx_word' id='word_1_122' title='bbox 269 2192 443 2289; x_wconf 75' lang='lat' dir='ltr'>respiciat</span> <span class='ocrx_word' id='word_1_123' title='bbox 476 2213 571 2287; x_wconf 85' lang='lat' dir='ltr'>quea</span> <span class='ocrx_word' id='word_1_124' title='bbox 602 2190 643 2261; x_wconf 89' lang='lat' dir='ltr'>in</span> <span class='ocrx_word' id='word_1_125' title='bbox 677 2190 816 2261; x_wconf 75' lang='lat' dir='ltr'>Geilmi</span> <span class='ocrx_word' id='word_1_126' title='bbox 840 2188 1166 2285; x_wconf 73' lang='lat' dir='ltr'>Kaysersbergiani</span> <span class='ocrx_word' id='word_1_127' title='bbox 1191 2204 1230 2263; x_wconf 89' lang='lat' dir='ltr'>et</span> <span class='ocrx_word' id='word_1_128' title='bbox 1253 2192 1351 2264; x_wconf 79' lang='lat' dir='ltr'>huie</span> <span class='ocrx_word' id='word_1_129' title='bbox 1459 2232 1460 2249; x_wconf 50' lang='grc' dir='ltr'>ι</span> 
     </span>
    </p>
   </div>
   <div class='ocr_carea' id='block_1_6' title="bbox 269 2309 1396 3482">
    <p class='ocr_par' dir='ltr' id='par_1_6' title="bbox 269 2309 1396 3482">
     <span class='ocr_line' id='line_1_18' title="bbox 270 2309 1338 2410; baseline 0.004 -26"><span class='ocrx_word' id='word_1_130' title='bbox 270 2313 477 2409; x_wconf 78' lang='lat' dir='ltr'>aequalium</span> <span class='ocrx_word' id='word_1_131' title='bbox 492 2309 655 2383; x_wconf 81' lang='lat' dir='ltr'>Postillis</span> <span class='ocrx_word' id='word_1_132' title='bbox 677 2309 846 2402; x_wconf 80' lang='lat' dir='ltr'>leguntur</span> <span class='ocrx_word' id='word_1_133' title='bbox 868 2309 1034 2405; x_wconf 85' lang='lat' dir='ltr'>ejusdem</span> <span class='ocrx_word' id='word_1_134' title='bbox 1056 2310 1216 2385; x_wconf 79' lang='lat' dir='ltr'>fabricae</span> <span class='ocrx_word' id='word_1_135' title='bbox 1236 2314 1338 2410; x_wconf 79' lang='grc' dir='ltr'><em>παρὰ</em></span> 
     </span>
     <span class='ocr_line' id='line_1_19' title="bbox 269 2429 1339 2535; baseline -0.007 -25"><span class='ocrx_word' id='word_1_136' title='bbox 269 2429 426 2535; x_wconf 72' lang='grc' dir='ltr'><em>γράμμα</em></span> <span class='ocrx_word' id='word_1_137' title='bbox 460 2432 652 2518; x_wconf 66' lang='lat' dir='ltr'>acumina,</span> <span class='ocrx_word' id='word_1_138' title='bbox 694 2430 898 2522; x_wconf 86' lang='lat' dir='ltr'>majoribus</span> <span class='ocrx_word' id='word_1_139' title='bbox 931 2431 1067 2502; x_wconf 83' lang='lat' dir='ltr'>nostris</span> <span class='ocrx_word' id='word_1_140' title='bbox 1101 2431 1339 2504; x_wconf 75' lang='lat' dir='ltr'>veliementer</span> 
     </span>
     <span class='ocr_line' id='line_1_20' title="bbox 272 2547 1339 2647; baseline -0.002 -24"><span class='ocrx_word' id='word_1_141' title='bbox 272 2551 507 2647; x_wconf 79' lang='lat' dir='ltr'>complacita,</span> <span class='ocrx_word' id='word_1_142' title='bbox 522 2582 526 2591; x_wconf 56' lang='lat'><strong><em>⁴</em></strong></span> <span class='ocrx_word' id='word_1_143' title='bbox 539 2560 578 2621; x_wconf 87' lang='lat' dir='ltr'>et</span> <span class='ocrx_word' id='word_1_144' title='bbox 609 2560 651 2620; x_wconf 94' lang='lat' dir='ltr'>ut</span> <span class='ocrx_word' id='word_1_145' title='bbox 683 2548 744 2620; x_wconf 90' lang='lat' dir='ltr'>vel</span> <span class='ocrx_word' id='word_1_146' title='bbox 775 2547 888 2621; x_wconf 89' lang='lat' dir='ltr'>hodie</span> <span class='ocrx_word' id='word_1_147' title='bbox 912 2551 951 2621; x_wconf 92' lang='lat' dir='ltr'>in</span> <span class='ocrx_word' id='word_1_148' title='bbox 977 2551 1078 2624; x_wconf 86' lang='lat' dir='ltr'>vitae</span> <span class='ocrx_word' id='word_1_149' title='bbox 1103 2549 1339 2646; x_wconf 82' lang='lat' dir='ltr'>quotidianae</span> 
     </span>
     <span class='ocr_line' id='line_1_21' title="bbox 272 2667 1339 2763; baseline -0.002 -20"><span class='ocrx_word' id='word_1_150' title='bbox 272 2670 534 2745; x_wconf 78' lang='lat' dir='ltr'>consuetudine</span> <span class='ocrx_word' id='word_1_151' title='bbox 566 2669 599 2740; x_wconf 90' lang='lat' dir='ltr'>si</span> <span class='ocrx_word' id='word_1_152' title='bbox 632 2667 716 2763; x_wconf 85' lang='lat' dir='ltr'>quis</span> <span class='ocrx_word' id='word_1_153' title='bbox 740 2691 876 2740; x_wconf 87' lang='lat' dir='ltr'>nomen</span> <span class='ocrx_word' id='word_1_154' title='bbox 902 2682 939 2741; x_wconf 86' lang='lat' dir='ltr'>et</span> <span class='ocrx_word' id='word_1_155' title='bbox 966 2690 1074 2741; x_wconf 87' lang='lat' dir='ltr'>omen</span> <span class='ocrx_word' id='word_1_156' title='bbox 1098 2669 1252 2758; x_wconf 83' lang='lat' dir='ltr'>habeat,</span> <span class='ocrx_word' id='word_1_157' title='bbox 1277 2669 1339 2743; x_wconf 85' lang='lat' dir='ltr'>vel</span> 
     </span>
     <span class='ocr_line' id='line_1_22' title="bbox 273 2790 1339 2893; baseline -0.002 -31"><span class='ocrx_word' id='word_1_158' title='bbox 273 2790 412 2886; x_wconf 79' lang='lat' dir='ltr'>siquis</span> <span class='ocrx_word' id='word_1_159' title='bbox 437 2799 565 2862; x_wconf 83' lang='lat' dir='ltr'>eontra</span> <span class='ocrx_word' id='word_1_160' title='bbox 590 2792 756 2893; x_wconf 79' lang='lat' dir='ltr'>moratus</span> <span class='ocrx_word' id='word_1_161' title='bbox 781 2791 832 2865; x_wconf 88' lang='lat' dir='ltr'>sit</span> <span class='ocrx_word' id='word_1_162' title='bbox 857 2811 967 2884; x_wconf 88' lang='lat' dir='ltr'>quam</span> <span class='ocrx_word' id='word_1_163' title='bbox 995 2802 1164 2877; x_wconf 81' lang='lat' dir='ltr'>vocetur,</span> <span class='ocrx_word' id='word_1_164' title='bbox 1184 2790 1339 2883; x_wconf 82' lang='lat' dir='ltr'>digitum</span> 
     </span>
     <span class='ocr_line' id='line_1_23' title="bbox 271 2907 1340 3011; baseline -0.001 -30"><span class='ocrx_word' id='word_1_165' title='bbox 271 2908 461 2983; x_wconf 85' lang='lat' dir='ltr'>intendore</span> <span class='ocrx_word' id='word_1_166' title='bbox 488 2920 662 3004; x_wconf 83' lang='lat' dir='ltr'>tanquam</span> <span class='ocrx_word' id='word_1_167' title='bbox 688 2907 738 2981; x_wconf 90' lang='lat' dir='ltr'>ad</span> <span class='ocrx_word' id='word_1_168' title='bbox 762 2931 840 2981; x_wconf 81' lang='lat' dir='ltr'>nem</span> <span class='ocrx_word' id='word_1_169' title='bbox 865 2907 1067 2981; x_wconf 82' lang='lat' dir='ltr'>notabilem</span> <span class='ocrx_word' id='word_1_170' title='bbox 1089 2913 1129 2980; x_wconf 88' lang='lat' dir='ltr'>in</span> <span class='ocrx_word' id='word_1_171' title='bbox 1155 2909 1340 3011; x_wconf 16' lang='lat' dir='ltr'>morellia-</span> 
     </span>
     <span class='ocr_line' id='line_1_24' title="bbox 274 3028 1340 3123; baseline 0 -24"><span class='ocrx_word' id='word_1_172' title='bbox 274 3028 444 3117; x_wconf 83' lang='lat' dir='ltr'>beemm,</span> <span class='ocrx_word' id='word_1_173' title='bbox 477 3029 511 3101; x_wconf 81' lang='lat' dir='ltr'>is</span> <span class='ocrx_word' id='word_1_174' title='bbox 545 3049 635 3102; x_wconf 84' lang='lat' dir='ltr'>vero</span> <span class='ocrx_word' id='word_1_175' title='bbox 668 3029 851 3123; x_wconf 74' lang='lat' dir='ltr'>mielliget</span> <span class='ocrx_word' id='word_1_176' title='bbox 881 3051 1029 3101; x_wconf 83' lang='lat' dir='ltr'>neeesse</span> <span class='ocrx_word' id='word_1_177' title='bbox 1061 3040 1135 3118; x_wconf 74' lang='lat' dir='ltr'>ait,</span> <span class='ocrx_word' id='word_1_178' title='bbox 1162 3030 1233 3101; x_wconf 87' lang='lat' dir='ltr'>hoc</span> <span class='ocrx_word' id='word_1_179' title='bbox 1258 3031 1340 3099; x_wconf 85' lang='lat' dir='ltr'>uni-</span> 
     </span>
     <span class='ocr_line' id='line_1_25' title="bbox 273 3128 1341 3244; baseline 0 -26"><span class='ocrx_word' id='word_1_180' title='bbox 273 3168 421 3219; x_wconf 77' lang='lat' dir='ltr'>versum</span> <span class='ocrx_word' id='word_1_181' title='bbox 441 3128 554 3242; x_wconf 53' lang='lat' dir='ltr'>g&#39;enus</span> <span class='ocrx_word' id='word_1_182' title='bbox 580 3148 627 3220; x_wconf 88' lang='lat' dir='ltr'>ab</span> <span class='ocrx_word' id='word_1_183' title='bbox 654 3151 882 3244; x_wconf 74' lang='lat' dir='ltr'>antiquitatis</span> <span class='ocrx_word' id='word_1_184' title='bbox 906 3151 1058 3244; x_wconf 16' lang='lat' dir='ltr'>ingenio*</span> <span class='ocrx_word' id='word_1_185' title='bbox 1072 3169 1149 3220; x_wconf 81' lang='lat' dir='ltr'>non</span> <span class='ocrx_word' id='word_1_186' title='bbox 1167 3149 1341 3235; x_wconf 64' lang='lat' dir='ltr'>alienun</span> 
     </span>
     <span class='ocr_line' id='line_1_26' title="bbox 275 3266 1342 3364; baseline 0.002 -30"><span class='ocrx_word' id='word_1_187' title='bbox 275 3266 309 3335; x_wconf 89' lang='lat' dir='ltr'>ei</span> <span class='ocrx_word' id='word_1_188' title='bbox 344 3285 453 3352; x_wconf 86' lang='lat' dir='ltr'>vero,</span> <span class='ocrx_word' id='word_1_189' title='bbox 485 3269 548 3364; x_wconf 87' lang='lat' dir='ltr'>qui</span> <span class='ocrx_word' id='word_1_190' title='bbox 580 3270 760 3362; x_wconf 76' lang='lat' dir='ltr'>imagines</span> <span class='ocrx_word' id='word_1_191' title='bbox 794 3270 920 3340; x_wconf 79' lang='lat' dir='ltr'>rerum</span> <span class='ocrx_word' id='word_1_192' title='bbox 940 3272 979 3340; x_wconf 89' lang='lat' dir='ltr'>in</span> <span class='ocrx_word' id='word_1_193' title='bbox 1005 3268 1195 3345; x_wconf 80' lang='lat' dir='ltr'>vocabulis</span> <span class='ocrx_word' id='word_1_194' title='bbox 1221 3270 1275 3338; x_wconf 81' lang='lat' dir='ltr'>sio</span> <span class='ocrx_word' id='word_1_195' title='bbox 1298 3277 1342 3338; x_wconf 91' lang='lat' dir='ltr'>ut</span> 
     </span>
     <span class='ocr_line' id='line_1_27' title="bbox 273 3371 1396 3482; baseline 0.004 -29"><span class='ocrx_word' id='word_1_196' title='bbox 273 3378 313 3453; x_wconf 88' lang='lat' dir='ltr'>in</span> <span class='ocrx_word' id='word_1_197' title='bbox 361 3404 443 3455; x_wconf 79' lang='lat' dir='ltr'>aera</span> <span class='ocrx_word' id='word_1_198' title='bbox 489 3407 681 3482; x_wconf 84' lang='lat' dir='ltr'>expressas</span> <span class='ocrx_word' id='word_1_199' title='bbox 729 3397 896 3481; x_wconf 78' lang='lat' dir='ltr'>putaret,</span> <span class='ocrx_word' id='word_1_200' title='bbox 933 3389 1342 3462; x_wconf 82' lang='lat' dir='ltr'>-oonvenientissimum</span> <span class='ocrx_word' id='word_1_201' title='bbox 1393 3371 1396 3376; x_wconf 38' lang='lat'>¹</span> 
     </span>
    </p>
   </div>
   <div class='ocr_carea' id='block_1_7' title="bbox 275 3683 1342 3829">
    <p class='ocr_par' dir='ltr' id='par_1_7' title="bbox 275 3683 1342 3829">
     <span class='ocr_line' id='line_1_28' title="bbox 344 3683 1342 3761; baseline 0.005 -24"><span class='ocrx_word' id='word_1_202' title='bbox 344 3683 373 3753; x_wconf 72' lang='grc' dir='ltr'>[θ</span> <span class='ocrx_word' id='word_1_203' title='bbox 377 3683 388 3753; x_wconf 95' lang='grc'><strong>]</strong></span> <span class='ocrx_word' id='word_1_204' title='bbox 414 3684 486 3738; x_wconf 82' lang='lat' dir='ltr'>ldent</span> <span class='ocrx_word' id='word_1_205' title='bbox 511 3685 589 3740; x_wconf 82' lang='lat' dir='ltr'>effert</span> <span class='ocrx_word' id='word_1_206' title='bbox 603 3686 698 3739; x_wconf 74' lang='lat' dir='ltr'>Teati</span> <span class='ocrx_word' id='word_1_207' title='bbox 715 3687 929 3758; x_wconf 78' lang='lat' dir='ltr'>Exeg.p.101.</span> <span class='ocrx_word' id='word_1_208' title='bbox 964 3692 1075 3745; x_wconf 76' lang='lat' dir='ltr'>Aliunde</span> <span class='ocrx_word' id='word_1_209' title='bbox 1100 3697 1128 3746; x_wconf 82' lang='lat' dir='ltr'>et</span> <span class='ocrx_word' id='word_1_210' title='bbox 1150 3692 1238 3761; x_wconf 81' lang='lat' dir='ltr'>paullo</span> <span class='ocrx_word' id='word_1_211' title='bbox 1263 3691 1342 3743; x_wconf 80' lang='lat' dir='ltr'>aliter</span> 
     </span>
     <span class='ocr_line' id='line_1_29' title="bbox 275 3754 851 3829; baseline 0.009 -22"><span class='ocrx_word' id='word_1_212' title='bbox 275 3754 525 3810; x_wconf 82' lang='lat' dir='ltr'>Schleietmaeher</span> <span class='ocrx_word' id='word_1_213' title='bbox 517 3774 544 3808; x_wconf 91' lang='lat' dir='ltr'>m</span> <span class='ocrx_word' id='word_1_214' title='bbox 563 3756 631 3809; x_wconf 86' lang='lat' dir='ltr'>Mus.</span> <span class='ocrx_word' id='word_1_215' title='bbox 650 3758 729 3811; x_wconf 88' lang='lat' dir='ltr'>Wolf.</span> <span class='ocrx_word' id='word_1_216' title='bbox 747 3778 772 3829; x_wconf 88' lang='lat' dir='ltr'>p.</span> <span class='ocrx_word' id='word_1_217' title='bbox 791 3758 851 3812; x_wconf 83' lang='grc'><strong>503.</strong></span> 
     </span>
    </p>
   </div>
   <div class='ocr_carea' id='block_1_8' title="bbox 275 3856 1343 4072">
    <p class='ocr_par' dir='ltr' id='par_1_8' title="bbox 275 3856 1342 4072">
     <span class='ocr_line' id='line_1_30' title="bbox 344 3856 1342 3931; baseline 0.001 -17"><span class='ocrx_word' id='word_1_218' title='bbox 344 3856 387 3931; x_wconf 73' lang='lat' dir='ltr'>[f]</span> <span class='ocrx_word' id='word_1_219' title='bbox 412 3878 437 3913; x_wconf 84' lang='lat' dir='ltr'>v.</span> <span class='ocrx_word' id='word_1_220' title='bbox 455 3861 563 3915; x_wconf 74' lang='lat' dir='ltr'>Aristot.</span> <span class='ocrx_word' id='word_1_221' title='bbox 580 3861 658 3915; x_wconf 75' lang='lat' dir='ltr'>met.</span> <span class='ocrx_word' id='word_1_222' title='bbox 675 3863 711 3917; x_wconf 87' lang='lat' dir='ltr'>ll.</span> <span class='ocrx_word' id='word_1_223' title='bbox 728 3863 771 3917; x_wconf 88' lang='grc'>23.</span> <span class='ocrx_word' id='word_1_224' title='bbox 789 3864 850 3917; x_wconf 87' lang='grc'>288</span> <span class='ocrx_word' id='word_1_225' title='bbox 870 3865 904 3918; x_wconf 90' lang='grc' dir='ltr'>Τ.</span> <span class='ocrx_word' id='word_1_226' title='bbox 922 3864 968 3916; x_wconf 88' lang='lat' dir='ltr'>IV</span> <span class='ocrx_word' id='word_1_227' title='bbox 993 3865 1171 3918; x_wconf 68' lang='lat' dir='ltr'>cillanem</span> <span class='ocrx_word' id='word_1_228' title='bbox 1197 3865 1287 3917; x_wconf 83' lang='lat' dir='ltr'>Collec</span> <span class='ocrx_word' id='word_1_229' title='bbox 1288 3871 1342 3916; x_wconf 82' lang='lat' dir='ltr'>tan.</span> 
     </span>
     <span class='ocr_line' id='line_1_31' title="bbox 275 3928 1343 4004; baseline 0.005 -23"><span class='ocrx_word' id='word_1_230' title='bbox 275 3928 366 3982; x_wconf 82' lang='lat' dir='ltr'>Litter.</span> <span class='ocrx_word' id='word_1_231' title='bbox 391 3948 416 4002; x_wconf 82' lang='lat' dir='ltr'>p.</span> <span class='ocrx_word' id='word_1_232' title='bbox 449 3932 507 3984; x_wconf 89' lang='grc'><strong>101.</strong></span> <span class='ocrx_word' id='word_1_233' title='bbox 542 3931 663 3986; x_wconf 80' lang='lat' dir='ltr'>Mainake</span> <span class='ocrx_word' id='word_1_234' title='bbox 687 3935 720 3988; x_wconf 86' lang='lat' dir='ltr'>ad</span> <span class='ocrx_word' id='word_1_235' title='bbox 737 3935 854 4004; x_wconf 82' lang='lat' dir='ltr'>Euphor.</span> <span class='ocrx_word' id='word_1_236' title='bbox 878 3953 902 4004; x_wconf 84' lang='lat' dir='ltr'>p.</span> <span class='ocrx_word' id='word_1_237' title='bbox 922 3933 979 3987; x_wconf 81' lang='grc'><strong>128.</strong></span> <span class='ocrx_word' id='word_1_238' title='bbox 1002 3952 1040 4002; x_wconf 83' lang='lat' dir='ltr'>sq</span> <span class='ocrx_word' id='word_1_239' title='bbox 1077 3937 1126 3987; x_wconf 86' lang='lat' dir='ltr'>Stu</span> <span class='ocrx_word' id='word_1_240' title='bbox 1110 3953 1156 3988; x_wconf 80' lang='lat' dir='ltr'>urz</span> <span class='ocrx_word' id='word_1_241' title='bbox 1181 3935 1214 3986; x_wconf 87' lang='lat' dir='ltr'>de</span> <span class='ocrx_word' id='word_1_242' title='bbox 1237 3934 1343 3987; x_wconf 84' lang='lat' dir='ltr'>Nomin</span> 
     </span>
     <span class='ocr_line' id='line_1_32' title="bbox 275 3998 615 4072; baseline 0 -21"><span class='ocrx_word' id='word_1_243' title='bbox 275 3998 369 4052; x_wconf 72' lang='lat' dir='ltr'>Graec,</span> <span class='ocrx_word' id='word_1_244' title='bbox 388 4018 413 4070; x_wconf 85' lang='lat' dir='ltr'>p.</span> <span class='ocrx_word' id='word_1_245' title='bbox 431 3999 473 4054; x_wconf 87' lang='grc'><strong>78.</strong></span> <span class='ocrx_word' id='word_1_246' title='bbox 502 4002 615 4072; x_wconf 82' lang='lat' dir='ltr'>Opuscc.</span> 
     </span>
    </p>
   </div>
   <div class='ocr_carea' id='block_1_9' title="bbox 0 0 1484 4684">
    <p class='ocr_par' dir='ltr' id='par_1_9' title="bbox 0 0 1484 4684">
     <span class='ocr_line' id='line_1_33' title="bbox 0 0 1484 4684; baseline 0 0"><span class='ocrx_word' id='word_1_247' title='bbox 0 0 1484 4684; x_wconf 95' lang='lat' dir='ltr'> </span> 
     </span>
    </p>
   </div>
  </div>
 </body>
</html>
