2925 4684
230 206 307 283 864
545 225 688 281 trouu
712 200 972 285 secunoui.

229 400 379 459 versum
391 379 447 457 {de
468 381 756 481 Orpbeilyrail
778 382 843 459 καὶ
864 380 1055 471 ἀναύδους
1077 366 1212 484 πέυραο
1232 386 1297 463 καὶ

229 500 382 603 Φόρκου
399 503 560 606 στυγνὸν
575 492 723 580 ἔοιοιθευ
739 503 856 603 ὕδωρ,
871 525 945 599 quo
960 506 1111 579 nomine
1125 504 1296 600 stygiam

228 642 360 719 squam
375 621 571 715 significari
586 625 784 697 esoenntnr
797 621 994 715 Muellero;
1010 624 1123 722 idque
1137 644 1297 722 propere

227 740 453 839 approbavit
470 738 668 815 ‘Jaeobsius
694 742 810 815 Leett
838 741 941 816 Stob.
957 767 993 840 p.
1014 745 1096 819 106.
1122 745 1296 821 Ruhnke-

226 862 310 933 niue
336 881 427 934 vero
452 860 607 962 Φόρκου
632 861 737 960 ὕδωρ
764 885 866 935 mare
890 864 1212 961 interpretabatur,
1237 866 1297 938 eui

225 978 319 1052 nihil
353 976 457 1055 aliud
481 992 676 1077 opponunt
699 982 774 1054 nisi
799 981 970 1077 languere
996 984 1066 1058 lroe
1091 985 1292 1082 epitheton.

226 1098 323 1173 Nam
357 1098 457 1197 quod
489 1098 704 1174 Welekerus
737 1099 844 1175 addit
875 1101 1078 1201 inl'rilog.
1102 1103 1232 1181 Aeseb.
1259 1127 1296 1203 p.

227 1219 314 1295 383.
353 1220 478 1318 ipsum
513 1218 740 1314 adjectivum
777 1220 936 1325 στυγνός
968 1225 1172 1319 significare
1203 1234 1295 1320 sty-

226 1341 373 1434 gium,
397 1338 440 1414 id
463 1361 584 1438 neque
610 1340 780 1438 exemplo
806 1340 883 1414 ullo
910 1340 1153 1418 demonstrari
1178 1367 1296 1443 neque

186 1546 190 1569 .
227 1482 273 1532 ex
293 1482 355 1548 geo,
381 1460 481 1557 quod
507 1458 666 1567 στυγνός
691 1473 729 1534 et
755 1458 903 1565 στύριος
923 1463 1294 1541 communes'radiees

224 1578 378 1669 habent,
404 1581 525 1677 oolligi
550 1592 684 1681 potest,
711 1581 784 1653 nisi
808 1581 890 1677 quis
916 1602 961 1653 eo
987 1581 1208 1658 descendere
1232 1607 1294 1660 ve·

223 1698 287 1789 lit,
323 1712 366 1773 ut
401 1701 575 1800 μειλίχιος
609 1714 647 1776 et
669 1699 867 1805 μελιτόεις,
892 1700 1038 1803 ψυχρός
1063 1718 1101 1775 et
1125 1702 1292 1805 ψυχοκός,

203 1819 362 1931 Δοῖχηρής
403 1832 442 1894 et
479 1820 710 1919 ἅχερόυτιος,
744 1821 924 1915 ’μέθυσος
957 1830 995 1892 et
1025 1824 1291 1919 Μεθυμναῖος,
1351 1883 1354 1890 .

221 1939 325 2014 idem
350 1939 553 2032 significare
578 1936 689 2037 dieat,
715 1938 803 2033 quia
828 1935 876 2009 ab
901 1937 1030 2013 eadem
1050 1941 1165 2036 stirpe
1185 1951 1294 2013 enata

222 2060 307 2133 sint
359 2055 542 2159 Equidem
568 2040 740 2151 languere
760 2055 979 2131 Phanuelem
1006 2059 1155 2148 malim,
1180 2082 1290 2156 quam

223 2189 266 2252 ut
291 2198 377 2251 eum
403 2175 535 2251 Phorci
559 2177 710 2251 nomine
742 2176 824 2263 losa
848 2177 1187 2253 iniera'denotasse
1211 2181 1292 2255 sine

172 2322 175 2331 ·
223 2298 300 2373 ullo
334 2307 482 2371 auctore
515 2306 553 2367 et
586 2295 755 2394 exemplo
787 2296 945 2370 credam.
1003 2299 1192 2375 Postremo
1225 2299 1291 2373 du·

223 2417 418 2491 bitonum
446 2412 599 2517 Φόρκου
625 2415 729 2518 ὕδωρ
756 2415 963 2512 languidius
989 2419 1055 2508 sit,
1080 2436 1201 2515 quam
1221 2420 1291 2517 Τή·

221 2543 320 2624 doec
354 2537 457 2637 ὕδωρ
491 2534 605 2633 Orpb
637 2534 724 2630 Arg.
761 2536 869 2614 1109
905 2538 1081 2613 Nereos
1107 2560 1289 2637 aequor

129 2636 135 2651 ’
220 2655 371 2758 κύματα
397 2654 652 2756 Ἀμφιτρίτης,
685 2655 908 2754 Panopae
940 2681 1101 2754 greges
1127 2658 1288 2757 (Terent

219 2779 337 2877 Maur.
371 2799 407 2851 v.
434 2774 606 2872 2630.)
593 2776 784 2875 ipsiusque
808 2777 977 2850 Pborei
1002 2778 1169 2852 cborus
1196 2778 1287 2852 Stat

222 2899 315 2974 silv.
349 2899 396 2974 ll.
430 2899 465 2971 2.
505 2897 562 2970 19.
596 2897 726 2993 quibus
761 2896 852 2970 locis
884 2896 1038 2993 quilibet
1069 2881 1287 2983 aliundene
1363 2936 1365 2939 ·

219 3022 385 3093 marinus
425 3018 610 3095 nominari
647 3025 805 3113 poterat
833 3110 836 3117 Δ
864 3016 920 3089 Αο
951 3017 1107 3093 fortasse
1137 3041 1185 3093 ne
1218 3019 1288 3092 hoe
1363 3096 1372 3105 ,

220 3137 369 3235 quidem
389 3138 625 3234 significatur,
651 3135 749 3233 quod
766 3133 984 3208 Ruhnkenio
1003 3137 1135 3234 placet,
1160 3161 1285 3211 mare
1357 3196 1361 3203 1

217 3262 452 3347 universum,
484 3257 550 3331 secl
576 3279 620 3329 ea
645 3276 731 3352 pars
758 3256 890 3349 maris,
915 3278 988 3352 que
1014 3255 1282 3355 Symplegades

218 3378 400 3464 eminent,
424 3380 548 3450 nautis
575 3375 746 3447 omnibus
771 3373 1040 3466 formidabiles,
1065 3399 1176 3474 quern
1191 3382 1287 3477 per·
1378 3424 1381 3429 -

218 3505 294 3569 tem
328 3495 467 3568 Phorco
481 3556 492 3575 n
505 3495 569 3568 ille
602 3492 689 3579 ἁλὸς
721 3495 935 3597 ἀτρυγέτοιο
965 3496 1119 3596 μέδοντο
1150 3498 1284 3571 multo-

217 3636 370 3713 rumque
408 3626 657 3688 monstrorum
697 3615 924 3713 progenitori
957 3618 1063 3711 qnasi
1093 3618 1283 3715 propriam

217 3735 397 3810 ditionem
428 3734 630 3830 subjectam
667 3733 781 3807 fuisse
812 3758 834 3807 e
868 3731 1029 3829 Carystii
1054 3736 1136 3808 loeo
1162 3737 1285 3831 colligi

217 3868 362 3953 potest,
403 3857 436 3928 si
469 3855 533 3927 illo
569 3853 838 3952 Symplegades
871 3865 1045 3952 tanquam
1080 3858 1284 3931 vastissimi
1373 3904 1377 3912 -

217 3976 320 4071 regni
345 3977 441 4050 ostia
467 3973 621 4080 Φόρκου
647 3972 766 4060 πύλας
790 3974 1009 4047 nominavit.
1063 3973 1282 4075 Quanquam
