2925 4684
542 281 879 339 sincrurscrn.
1124 269 1235 345 -11289
1292 236 1295 251 ⁵
1332 362 1334 366 .

164 441 310 527 infabre
341 440 532 540 sculptum
550 420 693 513 idolum
718 439 942 536 reperiatur,
974 440 1076 535 cujus
1102 440 1235 541 adspe-

164 576 236 636 ctu.
257 560 406 634 barbari
437 561 596 634 cultores
627 581 704 632 non
736 557 935 657 aliquando
952 608 955 615 ι
974 559 1022 633 ad
1040 563 1235 637 -virtutem

163 666 406 757 affectandam
432 680 583 754 excitari
607 683 762 780 possint.
795 679 994 753 Postremo⁴
1012 683 1045 753 si
1070 684 1151 779 quis
1173 706 1236 756 me

97 896 100 899 y
163 805 382 897 interroget,
414 823 526 898 quam
546 800 623 874 illa
648 823 752 875 sacra
785 799 985 874 habuerint
1012 801 1235 878 celebritatis

164 945 334 1011 causam,
366 920 485 994 nihilo
509 922 651 1015 magis,
676 918 1234 1018 quod‚respondeam,-habebo

163 1065 277 1139 quam
316 1043 349 1115 si
384 1042 465 1138 quis
497 1051 650 1138 quaerat
682 1064 756 1114 cur-
778 1040 948 1114 homines
980 1041 1161 1137 religiosi.
1179 1054 1237 1117 tot

164 1164 283 1235 marla
315 1184 357 1234 ac
389 1173 506 1235 terras
539 1162 818 1260 permeaverint
837 1174 880 1233 ut
903 1160 1056 1248 Herculi
1082 1162 1236 1237 Gadita-

163 1277 268 1380 no[‘¹]
297 1283 357 1356 vel
384 1280 510 1356 Cereri
525 1271 699 1355 'Enneusi
724 1281 788 1357 vel
814 1280 905 1354 deae
921 1279 1233 1383 Pessinuntiaefs]

164 1403 415 1502 supplicarent
439 1381 664 1498 praesentes.
713 1400 825 1475 'Nihil
851 1402 950 1473 enim
976 1413 1054 1474 tam
1079 1403 1236 1477 arbitra·
1289 1433 1291 1438 ·

164 1526 263 1596 rium
296 1535 334 1595 et
353 1522 638 1595 inaestimabile
672 1532 728 1594 est
761 1542 872 1617 quam
904 1520 1006 1595 fama
1029 1523 1234 1620 popularis,

165 1665 262 1743 quae
278 1642 389 1718 levis
421 1664 533 1715 aurae
564 1643 686 1716 afflatu
717 1642 870 1714 incitata
901 1643 942 1714 iu
961 1664 1086 1741 ,quam
1118 1645 1236 1717 semel

163 1759 357 1837 inelinavit
387 1774 532 1859 partem
566 1784 675 1835 coeca
699 1763 741 1837 vi
765 1762 996 1859 propellittu.
1047 1763 1153 1836 Alius
1179 1766 1236 1839 vi·

164 1880 302 1956 sendae
327 1882 555 1978 antiquitatis
581 1902 693 1955 causa
717 1881 807 1954 illuc
830 1881 1017 1980 profectus
1043 1899 1112 1973 est,
1137 1885 1234 1958 alius

167 2013 209 2074 ut
247 2012 378 2097 votum
415 2001 595 2106 solveret,
633 2001 729 2076 alius
762 2000 812 2074 ad
843 2002 1065 2103 placandum
1095 2025 1236 2080 numen
1283 2083 1286 2087 ,

165 2121 301 2196 scelere
333 2121 535 2214 violatum,
569 2123 740 2197 omnibus
771 2144 841 2218 pro
862 2133 975 2195 certo
994 2125 1112 2211 ⁴stetit
1143 2125 1237 2200 faci-

164 2242 239 2315 lius
275 2240 495 2315 sedentum
520 2246 675 2337 gratiam
701 2253 990 2339 consequutoros
1003 2266 1097 2333 esse
1121 2249 1156 2319 si
1185 2246 1236 2321 ad

46 2418 50 2423 .
162 2363 350 2459 principes
381 2384 519 2439 eorum
537 2364 541 2369 '
559 2384 641 2435 aras
680 2363 953 2434 sacrificassent.
1018 2362 1148 2462 ltaque
1186 2389 1235 2440 ne

164 2482 255 2555 haec
293 2481 440 2579 quidem
472 2482 573 2556 ¹sacri
611 2469 856 2573 Samothracii
896 2481 1089 2557 celebritas
1128 2508 1236 2582 argu-
1266 2483 1269 2489 ’

166 2612 331 2675 mentum
357 2602 522 2700 praehet,
547 2623 630 2704 com
653 2603 810 2675 initiatis
836 2601 951 2677 ullam
964 2603 1236 2704 'philosophiae

19 2787 23 2794 .
162 2732 233 2796 vaut
266 2722 406 2797 ethicae
439 2734 518 2797 aut.
535 2722 711 2819 physicae
750 2733 896 2818 partem
928 2728 1235 2801 communicatam

165 2865 256 2917 csse.
305 2843 441 2941 >Neque
469 2844 511 2914 in
543 2840 674 2921 ritibus
707 2843 801 2938 ipsis
827 2843 1028 2941 quidquam
1052 2847 1236 2942 reperitur

165 2963 265 3065 quod
296 2941 392 3037 hanc
424 2961 636 3058 opinionem
662 2962 864 3033 confirmet
894 2962 1079 3035 Primum
1104 2964 1236 3038 mulie·
1320 2963 1323 2969 ’

164 3108 224 3158 res
259 3085 410 3169 horum
426 3090 649 3154 secretorum
659 3146 662 3151 ,
674 3080 848 3171 conscias
865 3080 980 3156 factas
996 3104 1087 3156 :esse
1113 3108 1235 3159 exem-

163 3205 229 3304 plo
260 3213 347 3276 sunt
381 3198 576 3297 Olympias
610 3208 647 3269 et
677 3196 906 3293 Harmonia,
922 3216 923 3219 ’
940 3219 1095 3301 quarum
1129 3205 1235 3280 illam

163 3325 358 3422 Philippus
404 3320 500 3394 hanc
546 3316 708 3392 Cadmus
758 3319 878 3403 Schul.
920 3324 1081 3397 Phoenn.
1120 3348 1157 3401 v.
1187 3328 1234 3405 ,7.

166 3455 332 3541 tempore
356 3439 617 3536 mysteriorum
643 3439 716 3513 sibi
734 3442 947 3516 conciliasse
962 3441 1108 3545 dicitur,
1133 3446 1234 3547 qood
1283 3440 1285 3447 ’
1323 3521 1325 3523 ,

167 3564 241 3635 nisi
278 3564 450 3662 imperite
489 3562 613 3634 lictum
646 3569 722 3651 est,
763 3562 927 3637 ostendit
958 3577 1056 3641 certe
1088 3568 1234 3664 utrique

241 3810 286 3882 [⁶]
312 3810 401 3883 Pomp.
419 3815 558 3870 Metam.
575 3815 600 3868 6.
620 3814 644 3869 1.
662 3804 716 3870 not.

241 3917 280 3986 [l]
310 3916 367 3971 ei⁰·
385 3916 418 3967 (ιθ
434 3917 538 3989 htrusp.
555 3936 631 3990 resp„
641 3937 663 3973 c.
677 3917 757 3972 XIII.
781 3919 899 3972 Lucilius
915 3920 1002 3973 Aetna
1018 3917 1078 3973 568.

321 3985 478 4054 Mogrrilieas
495 3989 573 4043 aedes
590 4005 751 4061 operoseque
767 3989 852 4043 visere
868 3989 965 4059 templa

319 4056 462 4125 trajicimus
479 4059 561 4112 naria
577 4076 609 4112 ac
625 4066 720 4114 terras.
1025 4068 1028 4073 '
1050 4084 1052 4087 -
