2925 4684
270 241 346 318 902
603 257 740 313 crana
763 255 1010 312 secessus.

271 435 359 488 non
385 411 517 486 fallit
541 412 627 488 hoc
652 412 874 487 volumen
900 414 1004 508 ejus
1029 412 1292 515 (Pythagorae)
1318 439 1342 490 a

271 532 547 631 quibusdam
587 530 867 630 Cleemporo
907 530 1090 607 medico
1123 534 1342 618 adscribi.
1461 595 1462 600 ,

270 654 321 727 Et
352 652 395 727 L.
419 651 540 726 XXII.
567 677 597 725 c.
623 653 659 728 9.
691 654 857 728 fabulam
892 650 939 724 de
973 654 1126 748 eryngio
1161 657 1342 728 inserens:

270 774 447 847 multae
490 774 622 846 circa
650 773 737 846 hoc
775 794 868 847 non
905 772 1146 866 Magorum
1187 776 1342 849 solum

271 896 511 968 vanitates
551 883 815 966 sedetiam
858 892 1283 987 Pythagoricorum
1302 897 1344 992 [‘]

272 1035 346 1111 quo
379 1015 420 1085 in
450 1034 605 1085 numero
631 1012 791 1086 fortasse
817 1014 929 1084 etiam
956 1012 1022 1084 illa
1045 1015 1194 1090 malvae
1221 1015 1344 1088 obsor-

270 1136 375 1209 vatio
406 1130 601 1205 referenda
631 1143 698 1207 est
758 1131 921 1206 Obvium
955 1131 1104 1230 quidem
1137 1146 1195 1206 est
1219 1135 1342 1207 dicem

271 1265 308 1327 et
332 1276 356 1325 a
381 1252 510 1342 multis
535 1251 695 1341 dictum,
726 1252 975 1346 Pythagoram
1000 1264 1039 1326 et
1064 1255 1338 1329 vetustissimos
1418 1245 1422 1254 ’

272 1395 436 1470 quosque
475 1374 554 1466 ejus
594 1383 792 1447 sectatores
826 1359 920 1445 nihil
953 1372 1054 1445 aliud
1088 1395 1198 1470 quam
1235 1396 1342 1470 prae

272 1503 378 1589 cepta
404 1490 594 1589 quaedam
629 1494 798 1565 sanitatis
831 1491 992 1565 tuendae
1025 1495 1250 1588 victusque
1242 1493 1342 1565 salu·

178 1661 187 1676 s
270 1610 347 1685 bris
387 1614 568 1684 rationem
609 1611 825 1702 tradidisse,
875 1635 992 1709 eoque
1038 1614 1260 1709 pertinuisse
1303 1625 1342 1685 et

270 1730 395 1804 soiliae
426 1730 806 1823 commendationem,
840 1730 887 1803 de
919 1754 993 1828 qua
1023 1732 1087 1803 ille
1118 1743 1240 1804 totum
1271 1751 1341 1807 vo·

271 1851 395 1924 iumen
421 1852 623 1948 complevit
648 1864 686 1925 et
710 1852 893 1926 brassicae
918 1851 966 1923 ab
992 1850 1124 1923 eodem
1141 1873 1217 1923 uon
1231 1872 1342 1948 parce

271 1970 444 2043 laudatae
476 1971 569 2043 Plio.
600 1970 686 2044 XX.
719 1972 780 2046 32.
811 1994 928 2068 neque
960 1970 1008 2043 oh
1042 1969 1144 2042 aliud
1172 1970 1342 2052 malvam

271 2089 520 2187 praedicatam
547 2113 646 2179 esse,
683 2113 795 2189 quam
828 2094 916 2185 quia
946 2091 980 2162 is
1005 2092 1126 2164 victus
1159 2102 1236 2162 tam
1262 2112 1341 2161 cor-

272 2213 355 2307 pori
388 2208 546 2283 saiubris
580 2233 690 2307 quam
722 2233 855 2308 parcus
887 2222 925 2280 et
949 2211 1143 2307 parabilis;
1174 2230 1249 2305 quo
1274 2231 1342 2280 no·

272 2331 373 2401 mine
408 2325 460 2402 ab'
481 2329 648 2402 Hesiodo
675 2341 714 2402 et
738 2329 959 2428 Epimenide
985 2330 1170 2404 laudatur.
1196 2351 1234 2399 v.
1260 2328 1340 2400 Ast.

273 2446 323 2519 ad
356 2448 462 2544 Legg.
502 2473 539 2547 p.
576 2449 658 2522 143.
698 2450 789 2522 haec
821 2461 946 2521 autem
979 2452 1164 2547 sapienter
1178 2493 1181 2500 ·
1194 2449 1340 2518 monita
1381 2431 1383 2434 ¹

272 2566 522 2662 Pythagoreos
554 2565 861 2666 hypobolimaeos
886 2571 926 2640 in
943 2569 1230 2667 superstitiones
1254 2589 1339 2641 ver-

273 2688 362 2760 tisse
387 2690 512 2787 aniles,
549 2688 636 2778 Sed,
662 2691 837 2785 quoniam
862 2688 954 2759 baec
978 2708 1124 2782 quoque
1149 2685 1341 2780 benignior

272 2808 528 2906 interpretatio
554 2809 656 2880 nulio
683 2809 824 2905 antiqui
850 2807 1009 2879 auctoris
1034 2808 1245 2878 testimonio
1258 2806 1341 2880 iim·

275 2919 362 3001 data
388 2940 460 3017 est,
487 2930 572 3001 licet
597 2930 707 3001 etiam
735 2927 957 3000 contrarium
983 2923 1223 3030 contendere,
1258 2924 1340 3021 pbi-

274 3047 483 3144 losophiam
508 3072 633 3122 recens
660 3072 683 3122 a
707 3050 814 3147 poesi
839 3059 1012 3142 tanquam
1038 3067 1062 3116 a
1082 3048 1197 3143 stirpe
1218 3044 1342 3118 revul-

275 3187 354 3282 qam
380 3168 530 3261 originis
555 3191 645 3241 suae
669 3169 889 3243 memoriam
914 3186 990 3236 non
1014 3163 1160 3262 penitus
1182 3166 1339 3252 exuisse,

276 3283 359 3373 sed,
391 3287 495 3359 velut
528 3279 646 3362 adhuc
672 3288 800 3361 divino
827 3283 1078 3357 concitaretur
1093 3286 1234 3373 afflatu,
1260 3304 1342 3355 sese

275 3428 343 3502 per
374 3404 518 3482 fabulas
550 3420 588 3481 et
612 3405 789 3481 miracula
813 3406 1093 3502 praecipitasse,
1119 3416 1250 3503 postea
1274 3424 1337 3475 au-

277 3535 371 3632 tem,
398 3547 510 3621 quum
535 3527 598 3599 ille
623 3526 792 3621 genitalis
818 3528 924 3619 vigor
950 3524 1209 3612 deferbuisset,
1245 3524 1342 3619 pris·

346 3708 580 3850 [quthegorae
602 3730 669 3782 liber
693 3728 823 3783 crotoni
814 3730 952 3814 inscriptus
981 3727 1015 3781 de
1038 3729 1126 3782 herbis
1149 3727 1257 3796 magicis
1278 3725 1341 3789 fuit,

277 3795 355 3866 Diog.
398 3816 413 3852 r
440 3799 513 3852 VIII
530 3799 555 3852 7.
578 3801 704 3868 rejectus,
727 3805 805 3870 puto,
829 3800 863 3853 ab
886 3799 1000 3868 antiquis
1023 3798 1144 3863 (inticis,
1186 3798 1215 3849 ui
1237 3796 1341 3865 Pytha·

277 3883 360 3990 ffim
374 3869 634 3993 ΙιιιιξίΙιιιιι4έιέιίιιιιιιιιι
657 3871 690 3923 de
713 3870 853 3925 reconditis
877 3870 978 3923 artibus
964 3870 1135 3939 sscripsisse
1185 3868 1256 3921 ureb.
1279 3866 1339 3921 sdv

314 3954 373 3991 erec
