2925 4684
237 211 313 300 880
560 240 702 294 urana
727 238 985 294 sncuunus.

235 420 357 473 sacras
397 398 587 495 portiones
631 394 743 489 vulgo
784 392 970 496 ἱερώσυνα
1001 383 1185 472 nominari
1223 419 1308 471 con·

235 516 377 617 stat[†].
403 516 570 614 Apparet
595 526 732 603 antem,
759 514 926 604 abistis,
952 517 1016 613 qui
1040 517 1131 590 baec
1155 521 1309 594 nomina
1358 597 1361 604 ,

235 646 469 736 repererunt,
495 659 647 734 operam
674 634 800 710 datam
827 658 920 724 esse,
945 648 987 708 nt
1012 658 1071 709 res
1097 644 1219 711 sacrm
1244 637 1309 712 dc·

236 781 320 832 core
352 769 577 854 augrrsteqne
611 756 852 854 appellarent
910 753 970 828 De
1001 756 1172 853 reliquis,
1212 780 1308 855 quae

236 877 382 973 collegi,
420 876 628 950 sacrificalis
660 875 809 950 dialecti
840 875 1103 973 speciminibus
1137 898 1213 950 non
1243 902 1309 975 pe-
1366 908 1371 916 ·
1411 941 1413 944 ,

234 997 342 1071 riude
384 997 477 1070 milri
517 1007 706 1094 promtum
746 1009 803 1068 est
843 995 965 1068 dicere
1005 995 1095 1094 quid
1136 1008 1308 1073 statuam.

236 1117 461 1212 Hesychius:
496 1124 702 1217 Βαιῶμφαι
736 1119 775 1191 αἱ
807 1116 907 1220 αἶγες
933 1121 973 1194 ἐν
995 1120 1207 1217 ἱερατικοῖς·
1234 1140 1307 1216 quo

190 1247 192 1251 ’
235 1239 385 1314 nomine
411 1249 534 1310 utrum
560 1238 658 1331 leges
684 1235 930 1309 dedicationis
953 1248 991 1308 et
1012 1235 1310 1337 elogiatemplo·

235 1382 319 1432 rum
361 1381 410 1432 arr
448 1357 705 1456 commentarii
745 1377 932 1429 sacrorum
962 1363 1006 1427 'et
1037 1354 1124 1428 libri
1157 1358 1309 1433 rituales

106 1465 108 1469 ’
236 1479 500 1574 significentur,
540 1489 578 1549 et
618 1488 730 1572 caput
762 1478 887 1572 ipsum
920 1474 1065 1569 glossae
1097 1498 1186 1550 num
1218 1479 1310 1552 satis

235 1621 367 1672 mnum
400 1600 468 1683 sit,
501 1621 525 1670 a
558 1595 784 1670 doctioribus
816 1593 945 1668 audire
979 1597 1099 1692 cupio.
1150 1596 1195 1669 ln
1220 1596 1311 1671 Plu-

176 1722 183 1733 *
236 1719 354 1794 tarchi
387 1717 518 1816 Symp.
550 1716 612 1791 1V.
649 1714 799 1806 Quaest.
832 1717 879 1788 II.
912 1717 947 1789 2.
985 1702 1068 1788 172'.
1103 1714 1309 1815 καὶταύτῃ

236 1839 480 1943 γνωρίζοντες
523 1841 559 1914 οἱ
593 1839 682 1938 παρ’.
718 1838 810 1935 ἡμῖν
844 1838 950 1937 ἱερεῖς
986 1836 1084 1913 αὐτοὶ
1115 1844 1307 1927 καλοῦσιν,

236 1958 306 2054 τὴν
338 1960 415 2057 ἶριν
447 1955 780 2057 ὑπολαμβάνοντες
813 1954 1065 2052 ἐπισκήπτειν,
1098 1965 1196 2030 recte
1221 1958 1311 2032 seue

238 2098 307 2173 pro
341 2079 447 2173 ἱερεῖς
480 2074 579 2152 αὐτά
613 2074 816 2149 Salmasius
850 2075 1050 2175 ἐρίσκηπτα
1075 2074 1307 2178 substituisse

182 2223 185 2230 ’
237 2194 397 2271 videtur.
449 2194 525 2270 Sed
550 2194 645 2268 illud
669 2219 693 2271 a
717 2196 831 2269 Festo
857 2195 1035 2269 traditum
1061 2219 1098 2293 p.
1125 2195 1186 2269 66.
1230 2192 1309 2269 Ca·

238 2317 339 2413 pita
372 2316 561 2392 deorum
598 2314 966 2413 appellabantur
1001 2316 1223 2391 fasciculi
1248 2315 1310 2389 fa·
1358 2397 1361 2400 ,

240 2439 303 2509 cti
329 2434 382 2509 de
408 2435 646 2525 verbenis,
679 2438 777 2509 inter
802 2438 972 2541 exempla
996 2438 1228 2536 tropologiae
1252 2459 1310 2511 sa-

239 2556 407 2630 crificalis
440 2556 578 2630 referre
602 2556 712 2630 ‘haud
736 2555 886 2654 pigebit
939 2552 1083 2631 Clarius
1107 2556 1208 2631 idem
1234 2557 1308 2631 alio

238 2676 340 2749 loco:
383 2676 582 2775 Struppi
620 2687 854 2753 vocantur
894 2677 941 2749 in
974 2676 1330 2782 pulvinaribusr

239 2796 464 2888 fasciculi
489 2796 545 2871 de
569 2796 792 2872 verbenis
818 2795 952 2887 faeti,
991 2799 1069 2895 qui
1094 2784 1178 2896 pro
1204 2796 1308 2871 deo·

239 2939 337 2990 rum
356 2917 612 3015 ,capitibus
646 2925 898 3015 ponuntur.
950 2914 1020 2991 Cui
1045 2917 1145 3020 quod
1172 2914 1309 2993 Checo·
1389 2908 1400 2923 ’

240 3038 374 3136 zius[⁶]
401 3039 576 3136 apponit,
609 3049 651 3109 ut
675 3037 817 3125 simile,
850 3035 1030 3134 Stephani
1053 3040 1310 3114 testimonium

155 3153 158 3162 ’
240 3155 288 3230 de
312 3158 426 3230 ramis
451 3146 583 3254 pineis,
610 3156 742 3255 quibus
768 3157 942 3230 mulieres
966 3179 1117 3253 graecae
1141 3169 1309 3256 tempore

241 3274 562 3375 Thesmophorion
601 3277 716 3351 lectos
748 3278 949 3350 insternere
981 3277 1168 3369 solebant,
1199 3279 1309 3374 longe

242 3396 404 3470 alienum
430 3406 496 3469 est
541 3395 696 3494 Struppi
723 3398 822 3471 enim
848 3406 934 3474 sunt
958 3419 1116 3475 coronae
1140 3398 1308 3501 deorum,

243 3517 411 3612 quaein
442 3516 693 3607 lectisterniis,
727 3530 838 3615 puto,
871 3519 1028 3615 privatis
1053 3520 1158 3618 (nam
1183 3518 1309 3616 priva·

314 3752 363 3822 [†]
382 3770 408 3807 v.
426 3752 577 3837 Schneider.
594 3753 660 3807 Lex.
678 3772 700 3807 s.
715 3773 740 3813 v.
757 3750 852 3828 Νόμος
868 3743 903 3821 ἦν
919 3752 953 3807 τὰ
970 3749 1174 3826 ὑπολειπόμενα
1190 3755 1236 3819 τῆς
1252 3757 1307 3804 θα-

122 3877 125 3888 ,
244 3827 304 3911 olor
319 3821 368 3907 ρον
384 3825 458 3894 ἱερέα
474 3825 624 3895 λαμβανειν
640 3824 727 3878 Schol.
745 3826 825 3879 Arist
842 3824 913 3878 Plut.
931 3823 1008 3879 1186.
1029 3821 1086 3913 Tic
1098 3828 1201 3913 durfos
1217 3819 1308 3910 αῇταξν

243 3891 755 4035 ρποᾶρρξζρίιοὲζεῐρῐεηῖςέζεέρῶνέἵαι
772 3898 819 3950 καὶ
835 3896 865 3949 αἱ
888 3900 1015 3964 γυναῖκες
1038 3912 1129 3949 ornus
1148 3913 1189 3947 απ
1219 3908 1309 3946 οντων

258 3980 292 4034 ηρ
315 4032 358 4100 [⁰]
384 4033 468 4103 Suggi
485 4034 513 4088 di
530 4034 639 4091 uiuat
657 4005 683 4092 d:
701 4036 807 4092 Cortou.
830 4036 864 4089 Τ.
882 4036 914 4088 Ρ.
931 4033 965 4087 11.
983 4051 1009 4104 p.
1027 4032 1088 4086 111.
