2925 4684
446 227 897 290 4-οοαοτοιυοιοκ
1026 291 1033 306 ,
1140 214 1257 324 ¹²⁰⁵„

170 396 449 464 umnnesunm
474 385 649 486 pleraque
673 404 768 483 quaa
792 382 841 458 ad
859 384 955 459 hane
973 383 1240 488 hudemam-

169 511 307 598 linent,
342 508 487 602 cognita
511 505 705 596 habuisse,
730 507 813 581 sive
838 506 872 578 is
898 501 1098 580 callistrati
1123 538 1238 607 κεχω-

171 630 351 729 ρισμένην
381 625 551 724 ἱστορίαν
580 627 666 728 περὶ
696 623 956 728 Σαμοθρᾴκης
988 625 1095 721 legit,
1129 649 1239 726 quem

170 775 201 822 c.
227 745 399 821 LXXXI.
430 758 712 836 commemorat,
746 748 847 835 siva,
873 743 972 842 quod
996 744 1239 844 probabilius,
1336 773 1339 780 ·

171 865 462 963 mythogrephos
486 868 718 940 recentiores.
756 864 829 940 Ad
842 877 1070 966 perunum
1096 863 1136 941 C.
1160 865 1240 944 XC.

171 989 392 1085 inscriptum
423 997 480 1059 est
497 986 542 1062 ’τί
565 985 703 1091 γράφει
727 988 748 1064 ὁ
775 987 926 1083 ποιητὴς
947 988 1131 1088 Ἀρκτῖνος
1155 992 1241 1091 περὶ

71 1158 77 1166 κ
172 1119 240 1186 τοῦ
263 1108 463 1193 κλαπέντος
479 1106 700 1184 Παλλαδίου
716 1107 791 1183 ὑπὸ
806 1104 1018 1204 Διομήδους
1030 1103 1234 1199 semivo-

172 1229 262 1315 σέως
294 1239 361 1301 etc
393 1225 492 1300 unde
523 1237 682 1325 apparet
713 1225 826 1300 etiam
851 1226 947 1300 hunc
972 1215 1240 1304 doctum'Dio-

170 1349 269 1441 uysii
295 1349 555 1446 *intepretem
602 1345 756 1419 Arctino
797 1346 889 1419 nihil
927 1348 1100 1445 amplius.
1128 1372 1240 1449 quam

171 1467 277 1566 quod
295 1467 420 1544 verbis
445 1464 660 1567 expressum
686 1475 762 1555 est,
788 1466 1058 1562 wignandum
1071 1479 1239 1567 putarem

171 1587 220 1661 de
246 1585 407 1683 Chryse,
440 1588 488 1661 de
513 1587 700 1677 Pallante,
734 1588 1027 1685 mnsdtutisque.
1041 1593 1083 1660 in
1109 1587 1239 1666 Somo-

171 1707 313 1782 thracia
354 1710 470 1782 sacris
510 1707 738 1781 Pheneaticis
778 1705 885 1812 illum
923 1707 1116 1812 loquutum
1139 1712 1239 1784 esse

174 1848 327 1925 prorsus
346 1855 348 1860 ’
369 1827 474 1900 nulla
512 1829 608 1902 ratio
649 1840 705 1901 est
745 1849 809 1905 our
841 1838 1055 1902 statuamus.
1112 1809 1240 1931 Neque

173 1946 273 2019 enim
298 1946 456 2022 Palladii
489 1960 527 2021 et
558 1948 713 2022 deorum
739 1946 1075 2023 Samothraeiorum
1098 1973 1144 2025 ea
1164 1952 1240 2025 fuit

170 2064 422 2159 necessitudo,
455 2081 514 2158 ut,
536 2070 612 2168 :qui
635 2069 738 2143 illius
764 2068 1012 2165 meminisset,
1037 2070 1106 2144 hos
1132 2091 1238 2169 prae-

171 2190 375 2264 termittere
413 2210 487 2261 nou
525 2190 715 2287 potuerit,
767 2187 833 2262 sed
872 2192 998 2286 potius
1037 2211 1124 2288 pars
1159 2214 1238 2266 ma·
1364 2239 1368 2246 ·

167 2311 230 2405 jor
254 2312 493 2405 scriptorum,
519 2312 583 2407 qui
608 2308 655 2382 de
679 2307 860 2383 Palladio·
873 2320 1034 2400 narrant,
1058 2312 1239 2392 nonlou-

172 2453 217 2524 ge
249 2427 343 2502 illud
376 2452 398 2500 c
424 2429 680 2504 Samothracia
695 2415 885 2532 ¹repetunt
906 2430 972 2504 sed
998 2430 1101 2505 coelo
1127 2453 1239 2528 super

174 2548 271 2622 Ilion
306 2547 498 2647 delapsum
528 2549 697 2642 tradunt,
742 2561 860 2628 etex
892 2552 1008 2625 altera
1038 2563 1144 2650 parte
1169 2554 1239 2650 ,qui

78 2687 80 2694 ’
172 2668 428 2741 Samothracia
460 2671 639 2763 mysteria
671 2685 877 2769 exponunt,
909 2657 1050 2774 nullam
1082 2657 1239 2770 usquam

173 2786 365 2862 Minervae
395 2791 619 2863 mentionem
655 2792 805 2865 faciunt.
856 2792 1084 2888 Xenophon,
1110 2795 1173 2888 qui
1198 2796 1238 2865 in

155 2908 242 3014 'hac
276 2929 386 2996 causa
419 2908 465 2981 ab
498 2908 649 2984 Arctum
683 2907 863 2986 secundus
896 2921 952 2984 est
975 2909 1238 3011 numerandus,

172 3028 324 3138 Aenean
358 3028 447 3128 dicit
480 3040 597 3107 σῶσαι
622 3031 710 3116 τοὺς
735 3029 930 3133 πατρῴους
955 3031 1019 3107 καὶ
1042 3029 1237 3133 μητρῴους

171 3150 287 3238 θεούς
313 3148 448 3246 Cyneg.
474 3152 501 3223 Ι,
532 3149 589 3225 15.
626 3151 759 3248 quibus
773 3150 997 3228 nominihus
1022 3151 1174 3227 Vestam
1200 3166 1258 3227 et·

171 3271 377 3356 Palladium
402 3272 597 3366 significari
612 3270 799 3349 Weiskius
821 3267 995 3370 ‘opinatur
1013 3261 1127 3365 salso,
1153 3286 1239 3349 suut

174 3527 328 3591 βαρίζοντες
350 3486 519 3601 Νεραγίδας·
549 3540 617 3594 quac
645 3524 723 3593 vulgo
750 3529 874 3578 vocentur
897 3520 1059 3599 Ναγάριδες.
1089 3528 1145 3579 tum
1172 3528 1237 3596 περὶ

173 3598 281 3648 ναυτῶν
310 3599 356 3649 καὶ
386 3600 435 3652 τοῦ
459 3595 570 3668 ἀστέρος
591 3595 637 3661 τῆς
665 3591 883 3666 Τραμουντάνας.
908 3596 977 3664 quod
1002 3612 1092 3650 nomen
1117 3595 1236 3665 quoniam

175 3661 260 3716 adhuc
275 3665 303 3731 in
320 3667 447 3720 hominum
469 3683 515 3719 ore
537 3666 624 3737 viget,
648 3663 741 3716 addam
766 3663 943 3719 Schol.'Eur.
970 3665 1017 3718 Or.
1043 3664 1119 3717 1626.
1142 3662 1236 3731 τὸτῆς

79 3798 85 3801 ,
173 3729 284 3799 Ἑλένης,
294 3729 408 3804 ἄστρον,
433 3733 467 3802 ἣν
491 3736 630 3794 ἰδιωτικῶς
653 3749 723 3804 φασι
744 3731 972 3807 Τραμουντάναν,
995 3734 1038 3789 del
1060 3737 1145 3787 πᾶσιν
1169 3730 1235 3805 ὁρᾶ·
1286 3763 1289 3768 v

175 3818 235 3856 tot·
258 3807 337 3858 τοῦτο
355 3804 386 3858 dl
405 3809 450 3858 καὶ
467 3809 562 3859 ναῦται
579 3803 693 3875 ὁρῶντες
709 3807 801 3858 ἴσασιν
824 3802 842 3859 ἃ
861 3804 911 3857 δεῖ.
946 3803 1016 3857 Hinc
1033 3805 1235 3858 Tmmontanam

174 3874 284 3945 perdere
301 3874 437 3939 dicuntur,
463 3877 508 3944 qui
525 3891 601 3928 cursu
617 3875 747 3928 excidunt.
782 3874 823 3927 De
840 3875 979 3927 Canabutii
997 3873 1086 3928 codice
1109 3881 1137 3927 et
1157 3892 1235 3944 argu-

174 3950 261 3998 mento
278 3943 416 3998 Fabricius
437 3944 505 3997 Bibl.
528 3947 565 3997 T.
588 3946 635 3998 IV.
658 3963 683 4015 p.
707 3943 768 3999 893.
792 3944 830 3998 ait
851 3944 1015 3997 Larubocium
1041 3949 1069 3995 et
1092 3945 1235 4000 hellarium

171 4005 250 4086 longe
267 4014 416 4104 accuratius
433 4015 599 4079 disseruisse,
622 4032 728 4087 quorum
746 4016 826 4070 libros
846 4015 920 4069 adire
937 4031 986 4068 uon
1002 4014 1085 4086 potui.
1115 4051 1118 4056 ·
