2925 4684
412 335 420 352 „
528 265 801 326 ouaurcs.
1126 251 1226 327 1007

152 422 376 523 Psophidius
409 424 592 507 consimili
617 423 805 523 Apollinis
831 424 1045 506 testimonio
1071 435 1224 518 arnonis
1262 409 1265 420 ⁴

151 557 226 638 ast3
260 545 463 620 sciscitanti
495 547 595 618 enim
631 544 779 638 Gygae,
813 565 903 617 num
929 544 1061 642 aliquis
1086 555 1234 621 morta·⁴

151 669 244 741 lium
275 690 317 740 se
350 669 447 738 esset
477 666 641 755 felicior,
673 663 766 748 deus
798 663 896 738 hunc
920 662 1109 752 Armdum
1132 688 1226 766 pau-

150 789 356 886 perrimum
381 786 556 884 praetulit
565 787 621 884 [Ἴ.
672 784 867 858 Postremo
894 783 1073 879 Synesius
1100 785 1147 859 de
1165 788 1227 860 Iu·

151 928 271 980 somn.
304 930 340 1004 p.
379 904 463 979 135.
490 904 530 980 C.
567 927 613 978 ex
639 908 750 1006 ἱεροῖς
776 904 912 1009 λογίοις
937 905 1008 980 hos
1033 905 1140 981 affort
1165 930 1226 981 oa·

151 1027 237 1100 dem
263 1028 445 1100 sententia
1030 1055 1032 1064 ·
1197 1119 1201 1122 ⁷

238 1160 284 1227 ot
302 1166 425 1226 θνσιῶν
445 1156 629 1244 σπλάγχνων
649 1157 675 1222 τ’
697 1156 828 1240 ὄθομαι,
850 1155 917 1225 τάδ’
936 1154 1114 1247 ἀθύρματα
1123 1158 1226 1228 πάντα
1290 1155 1296 1170 ’

151 1281 249 1381 quod
275 1286 424 1380 saepius
450 1281 637 1355 inculcant
662 1279 887 1379 philosophi,
912 1281 1143 1379 Porphyrius
1155 1283 1226 1381 Ep.

150 1403 199 1477 ad
223 1403 386 1477 Marcell.
413 1402 474 1476 23.
501 1424 538 1499 p.
565 1400 627 1473 41.
655 1400 795 1476 Seneca
820 1400 867 1475 de
893 1400 1019 1477 Benef.
1045 1403 1074 1476 Ι.
1100 1402 1136 1476 6.
1162 1405 1222 1479 21.

149 1534 188 1595 et
213 1525 287 1596 alii.

303 1900 873 1995 normannum
956 1845 1071 1998 xi.

380 2104 463 2195 ⁸aul
495 2101 532 2170 c.
555 2100 663 2170 VIII.
706 2111 737 2186 o.
766 2108 797 2171 3.
829 2115 907 2172 not.
934 2105 957 2172 f.
1037 2092 1041 2105 “

254 2292 483 2365 Sententiam
525 2301 693 2364 nostram
732 2251 788 2365 de
815 2289 992 2387 Cotyttiis
1022 2305 1060 2368 et
1093 2296 1224 2396 Raptis

151 2423 239 2487 aute
272 2413 410 2486 multos
443 2427 561 2485 annos
591 2414 632 2485 in
663 2411 764 2485 Dies.
798 2413 843 2484 ΙΙ.
870 2412 918 2487 dc
941 2413 1065 2488 Morte
1090 2412 1225 2492 Bacchi

152 2634 228 2697 mihi,
257 2633 320 2701 quin
342 2632 479 2702 utriusque
503 2631 546 2684 (lei
570 2637 674 2685 statuae
697 2632 842 2701 antiquitus
868 2632 933 2686 nihil
955 2633 1027 2686 aliud
1051 2652 1128 2705 quam
1150 2638 1220 2708 cipi

106 2703 111 2716 '
152 2703 310 2772 sepulcrales
326 2702 424 2754 luerint
445 2702 614 2754 monumentis
636 2701 761 2770 majorum
781 2703 897 2772 impositi
919 2695 1032 2757 artificio
1055 2706 1115 2760 rudi
1138 2724 1155 2760 n
1193 2725 1222 2760 o-

153 2790 206 2841 que
220 2773 290 2825 inter
305 2790 333 2825 ae
350 2772 497 2825 dmcrimiue
512 2773 563 2825 uisi
580 2772 665 2840 quod,
688 2773 733 2841 qui
750 2771 865 2825 virorum
878 2774 1069 2843 imponerentur
1086 2777 1221 2847 sepulcris,

151 2842 243 2914 phallo
260 2843 490 2911 distinguerentur,
508 2843 554 2911 qui
570 2842 718 2908 mulierum,
737 2843 865 2895 femineae
881 2843 981 2897 formae
999 2845 1128 2913 quandam
1145 2861 1222 2915 gere-

151 2920 212 2967 rent
234 2912 432 2966 similitodinem.
473 2913 504 2965 In
530 2912 706 2982 Theophrast.
734 2910 815 2965 Char.
837 2912 910 2966 xvi.
932 2914 1146 2983 Hermaphroditi
1169 2914 1222 2967 dici

101 3021 118 3035 ..
152 2985 275 3046 videatur
296 2985 421 3053 majorum
437 2983 573 3051 utriusque
589 3000 667 3034 sexus
684 2982 787 3049 effigies
804 2982 966 3035 cubiculares
982 2984 1031 3037 sub
1049 2985 1137 3053 specie
1153 2985 1221 3037 Her·

151 3072 250 3109 mamm
267 3053 413 3106 biformium
430 3058 612 3115 consecratam
635 3069 695 3104 uam
711 3052 755 3104 (lei
771 3052 996 3121 Hermaphrodlti‚
1020 3070 1095 3122 quem
1112 3054 1222 3109 Schnei-

150 3126 229 3179 derus
247 3125 282 3177 ad
303 3123 412 3177 Aristot.
435 3123 514 3175 Polit.
538 3139 565 3191 p.
583 3121 645 3176 509.
668 3128 696 3174 et
716 3120 884 3174 Heinrichius
905 3121 947 3176 De
969 3124 1125 3194 Hermaphr.
1149 3145 1176 3197 p.
1193 3127 1220 3181 8.

152 3194 297 3265 significari
319 3200 428 3264 putant,
450 3199 491 3245 tot
507 3192 587 3247 fuisse
604 3192 632 3244 iu
648 3210 701 3246 una
722 3192 827 3262 privata
850 3191 925 3245 (losio
948 3194 1038 3262 signs,
1065 3204 1095 3248 ut
1116 3196 1150 3249 iis
1173 3214 1221 3249 ex·

150 3265 273 3319 ornandis
297 3261 345 3331 ὅλη
366 3261 455 3337 ἡμέρα
479 3281 497 3316 a
523 3264 703 3334 superstitioso
724 3262 770 3316 illo
792 3262 905 3332 impendi
927 3265 1054 3354 potuerit,
1078 3266 1125 3320 vix
1147 3266 1219 3321 credi

151 3341 249 3406 potest.
283 3335 315 3387 In
338 3334 454 3404 Alciphr.
472 3334 522 3389 III.
541 3336 585 3392 87.
608 3330 765 3409 εἰρεσιώνην
786 3334 906 3395 ulsiaco
930 3331 989 3413 ῄξιν
1010 3332 1106 3410 ελςἘρ
1128 3356 1221 3411 αφρο-

150 3407 241 3474 δίνου,
265 3407 303 3473 τῷ
316 3403 506 3472 Ἀλωπεκῆθεν
522 3402 621 3472 ταύτην
643 3402 836 3474 ἀναθήσουσα,
859 3404 922 3458 mihi
943 3423 1033 3476 parum
1056 3357 1219 3482 expiiratum

150 3477 255 3530 videtur
270 3475 515 3545 Hermaphroditum
532 3476 576 3529 (lei
595 3478 683 3545 potius
706 3493 783 3546 quam
803 3475 912 3530 hominis
932 3495 990 3530 esse
1013 3496 1112 3534 nomen.
1148 3479 1221 3543 Quid

150 3548 219 3599 enim
236 3563 331 3599 causae
347 3546 463 3599 habehat
479 3545 572 3599 mulier
584 3546 672 3600 uidua
694 3553 733 3612 et,
757 3552 787 3600 at
808 3545 867 3617 ipsa
887 3548 1039 3616 profitetur,
1062 3566 1079 3602 a
1100 3550 1219 3603 mcundn

151 3617 220 3669 votis
236 3622 293 3669 toto
310 3618 394 3670 animo
412 3617 564 3682 abhorrens,
581 3633 628 3669 cur
644 3618 705 3670 divo
722 3618 941 3688 Hermaphrodito
960 3619 1131 3691 supplicatum
1147 3619 1221 3672 irati
1409 3678 1412 3684 ,

151 3703 200 3738 cur
222 3688 342 3741 maritum
367 3704 441 3740 suom
471 3705 522 3740 nou
551 3687 707 3741 Phaedriam
736 3687 849 3742 nominat
878 3689 925 3742 sed
951 3688 1000 3748 τὸν
1023 3688 1220 3757 Ἀλωπεκῆθεν,
1307 3733 1310 3738 ,

149 3757 225 3824 quasi
241 3758 439 3828 Alopeceuaium
454 3758 578 3812 unicum?
1257 3803 1261 3806 2

151 3839 152 3844 ’
221 3843 263 3913 [⁰]
289 3845 380 3902 Valet.
399 3846 473 3898 Max.
490 3846 551 3899 VII.
570 3845 594 3898 1.
611 3844 637 3896 2.
662 3845 696 3895 cl.
713 3843 822 3896 Facium
839 3844 873 3897 ad
890 3845 967 3897 Pauo.
985 3845 1060 3897 VIII.
1077 3841 1121 3896 24.
1146 3843 1217 3898 Hinc

150 3913 299 3968 Grauertus
316 3915 350 3967 de
367 3916 461 3985 Aesop.
479 3934 505 3986 p.
522 3915 564 3968 62.
582 3920 670 3968 uatum
687 3916 764 3984 putat
779 3912 844 3966 illud
862 3914 931 3983 quod
953 3914 987 3966 de
1009 3913 1102 3966 Crosa
1124 3918 1152 3967 et
1169 3914 1217 3967 So-

149 3983 216 4036 lonis
239 3985 369 4055 colloquio
392 3992 514 4038 narratur
537 3990 584 4039 aut
600 3990 672 4038 certe
694 3988 831 4051 utrumque
853 3984 961 4057 periode
981 3982 1126 4038 fabulosum
1144 4002 1217 4050 esse3

150 4070 256 4121 quorum
273 4056 403 4125 posterius
420 4055 507 4109 serlus
524 4057 598 4109 duco.
633 4054 677 4107 Ex
693 4053 741 4107 illa
757 4054 906 4108 narratione
923 4051 1047 4108 confinxit
1064 4054 1158 4124 aliquis
1174 4054 1216 4108 iu-
