2925 4684
537 183 809 239 onnurcn.
1131 175 1204 248 881

134 350 200 418 tim
220 333 383 441 'quoque
416 342 458 413 id
484 363 627 414 sacrum
653 340 878 414 celebratum
905 364 986 415 esse
1013 342 1121 417 docet
1147 345 1207 419 Li·

132 467 216 539 vius
242 465 287 535 V.
318 463 395 557 13.)
431 460 685 560 pulvinaribus
710 462 998 559 imponebantur
1023 464 1106 537 loco
1132 476 1208 539 sta-

132 597 307 671 tuarum,
336 604 426 684 quas
450 584 492 654 in
515 580 674 679 puhlicis
700 583 887 678 expositas
912 582 1026 656 fuisse
1053 596 1207 660 constat.
1256 623 1260 630 «

133 702 373 803 Capitolinus
396 704 434 775 in
459 700 502 773 V.
527 701 666 788 Anton.
692 725 722 774 c.
749 700 811 776 IV.
842 703 893 774 ln
918 702 1094 778 saliatu
1122 728 1205 780 om·

131 824 279 896 nibus
320 843 510 895 coronas
549 823 598 893 in
637 822 866 919 pulvinar
902 846 954 895 ex
986 847 1114 898 more
1142 828 1207 922 Ja-

134 942 390 1032 cientibus,
449 942 589 1037 hujus
643 943 810 1015 veluti>
848 963 1001 1032 manu,
1061 949 1209 1043 capiti

134 1062 304 1135 Martis
336 1073 504 1159 aptata
538 1072 618 1135 est.
651 1061 783 1154 Liuius
817 1062 857 1134 L.
889 1053 968 1134 XL.
995 1061 1056 1138 59.
1082 1077 1209 1139 terra

133 1185 284 1257 movit
322 1183 370 1253 in
411 1180 537 1253 foris
572 1177 802 1277 puhlicis,
851 1181 931 1254 uhi
973 1183 1208 1258 lectister-

60 1321 62 1324 ·
131 1306 259 1376 nium
285 1283 405 1391 erat3
431 1299 624 1373 deorum
650 1289 827 1397 capita,
854 1324 970 1397 quae
994 1305 1042 1375 in
1066 1303 1208 1380 lectis

131 1433 288 1510 erant,
321 1430 601 1495 averterunt
634 1442 691 1493 se.
749 1418 869 1492 Multo
903 1434 1027 1495 autem
1055 1425 1209 1498 manife-

130 1517 251 1631 stius,
286 1563 398 1638 quam
430 1538 651 1616 ambitiosus
684 1539 798 1612 fuerit
829 1541 1127 1615 nomenclaturae
1151 1564 1210 1616 sa-
1258 1613 1262 1626 ,

132 1686 219 1738 erae
252 1661 392 1749 cultus,
426 1658 628 1736 ostendunt
659 1659 892 1755 aruspicinae
905 1662 1071 1760 propria
1096 1684 1210 1736 voca-

135 1783 241 1869 bula.
265 1781 394 1877 quihus
421 1761 591 1853 catorum
618 1779 770 1852 affectus
796 1790 995 1876 partesque
1008 1779 1211 1878 familiares

139 1914 184 1990 et
203 1900 355 1973 hostiles
381 1902 641 1996 significantur,
661 1899 805 1985 Ἑστίας
819 1908 956 2001 χῶρος,
982 1898 1210 2004 Δόλουτρά-

136 2016 304 2121 πεζαΓἾ,
337 2020 562 2122 Διόσκουροι
595 2031 633 2093 et
658 2021 780 2094 'cetera
804 2019 925 2119 hujus
937 1999 1032 2094 artis
1056 2023 1209 2113 lumina,

136 2164 232 2240 quae
257 2141 402 2215 Alherti
427 2141 476 2215 nd
501 2140 672 2235 Hesych.
689 2165 724 2215 v.
752 2149 943 2230 Γλῶσσαι,
970 2137 1211 2228 casaubonus

136 2261 188 2335 ad
203 2258 335 2358 Capit.
360 2262 495 2335 Pertin.
522 2287 551 2335 c.
577 2260 642 2334 XI.
669 2258 755 2333 566.
782 2263 834 2360 (p.
854 2283 903 2332 m.
926 2259 1026 2356 107.)
1051 2261 1211 2335 Bochar-

136 2396 200 2455 tus
233 2381 385 2454 Hieron.
417 2384 463 2455 ll.
496 2381 533 2458 4.
568 2378 653 2454 566.
687 2378 912 2476 Bulengerus
947 2378 1210 2456 deterunt

138 2527 170 2577 c.
195 2502 234 2574 6.
260 2500 346 2575 392.
364 2528 409 2593 ,α
435 2504 471 2575 t.
498 2501 583 2574 398.
620 2499 756 2592 Graev.
782 2499 890 2574 'l'hes
917 2498 959 2573 T.
986 2501 1029 2573 V.
1056 2489 1211 2599 college·

137 2634 228 2694 runt
258 2634 305 2695 et
347 2645 393 2694 ex
431 2622 634 2715 Bulengero
668 2642 788 2718 nuper
823 2621 1040 2719 compilavit
1071 2621 1212 2696 Boetti·

140 2762 262 2836 genus.

243 2860 328 2950 Non
352 2862 484 2959 procul
509 2861 555 2934 ab
581 2859 652 2932 hoc
676 2882 808 2952 genere
834 2858 1027 2936 discedunt
1053 2858 1127 2931 duo
1146 2860 1212 2932 illa

90 2980 93 2984 ’
138 2984 328 3080 auguralis
353 2980 572 3079 disciplinae
597 2978 797 3066 vocabula,
824 3001 980 3077 quorum
1007 2999 1121 3051 unum
1145 3001 1212 3051 no·
1266 3075 1269 3080 Ι

140 3102 198 3177 bis
226 3104 434 3177 asservarit
458 3100 659 3175 Pausanias
685 3097 734 3171 X.
750 3098 811 3173 29.
827 3100 862 3172 2.
888 3100 1002 3176 ὄκνον
1026 3099 1090 3175 καὶ
1113 3098 1212 3199 μάν,-

141 3245 239 3302 τεων
272 3226 308 3300 oi
340 3224 500 3323 ὁρῶντες
524 3221 612 3305 τοὺς
638 3219 794 3304 οἰωνοὺς
818 3218 1083 3306 toletalum
1098 3224 1212 3323 ,tarta

140 3348 200 3419 tle
225 3342 413 3444 (inihrarn,
438 3341 547 3439 puto)
573 3341 728 3415 alterum
755 3361 846 3434 vero
872 3339 1147 3437 Theophrastus
1165 3343 1214 3450 in

145 3458 252 3536 Caus.
293 3462 410 3535 Plant.
444 3461 489 3533 V.
521 3460 558 3534 4.
590 3461 625 3534 3.
659 3484 695 3559 p.
728 3457 814 3534 544.
849 3460 1018 3535 Schneid.
1053 3461 1118 3534 ubi
1149 3484 1213 3534 cur
1304 3549 1305 3554 Ἰ

23 3639 25 3708 Ι
144 3580 245 3674 ligna
269 3595 399 3657 vetera
422 3602 687 3677 nonuunquam
712 3583 938 3656 revirescant
963 3583 1139 3684 explicat,
1165 3570 1214 3653 ad

23 3733 25 3746 ¹
145 3701 437 3778 convincendum
467 3702 725 3799 imperitorum
759 3724 941 3791 errorem,
975 3704 1039 3798 qui
1070 3721 1148 3774 rem
1173 3699 1213 3768 in

90 3909 94 3916 ’
220 3938 262 4009 [u]
288 3940 543 3996 castraturae
562 3939 687 3993 uranu.
706 3939 788 3990 ruer.
810 3957 835 4006 p.
853 3918 912 3991 aaa.

192 4063 228 4126 u.
988 4061 1014 4129 7
