2925 4684
257 220 358 303 12⁵2
605 233 743 297 uranu
771 232 982 291 ussurus.
1108 248 1112 254 ·

256 418 473 475 concurrere
488 390 697 484 «videntur,
738 415 836 493 quae
860 394 894 468 si
918 392 1114 469 revoivoee
1137 390 1336 489 usquead
1412 472 1414 479 ,

256 516 429 606 exordia,
455 515 492 589 si
513 536 628 589 unum
653 512 761 591 ilium
785 513 1004 613 Medianum
1029 537 1052 586 e
1076 511 1230 587 latebris
1252 514 1347 587 suis·

258 661 387 714 mucre
411 656 618 734 possemus,
642 634 803 711 fortasm
826 636 942 711 totius
962 635 1086 733 operis
1104 631 1337 708 mausona

258 757 399 834 fabrica
431 768 470 829 et
493 740 783 850 Lycomidarum
814 778 897 829 cum
925 738 1074 854 Orpheo
1100 764 1249 829 etcum
1273 775 1337 829 aa·

259 865 406 965 monum
448 871 723 951 CabIriacorum
765 886 804 948 et
836 871 1044 950 Cerealium
1079 870 1337 949 conditoribus

259 997 484 1095 conspiratio
509 993 856 1095 deprehenderetur.
898 994 1004 1070 Nunc
1029 990 1179 1093 quidem
1205 1017 1251 1068 eo
1276 1017 1339 1067 re-

250 1115 358 1192 'dacti
383 1136 530 1207 sumus,
561 1123 606 1191 ut'
628 1108 885 1191 testimonium
911 1116 961 1191 ad
984 1117 1147 1215 speciem
1171 1104 1340 1212 locuple-

260 1239 446 1312 tissimum
472 1237 576 1313 velut
600 1238 688 1311 sicci
712 1239 870 1311 transire
884 1260 1058 1333 cogamur
1070 1234 1339 1336 propter'l'he-

261 1356 443 1431 banorum
470 1354 708 1447 Gabinorum,
734 1379 827 1455 quos
851 1369 1000 1457 praeter
1024 1358 1245 1431 Pausaniam
1264 1378 1339 1435 ,ne-

261 1499 325 1553 mo
374 1470 570 1579 quisquam
610 1490 894 1569 commemorat,
934 1476 1196 1551 obscuritatem
1235 1498 1337 1549 sum-

261 1602 388 1673 mam
423 1597 520 1674 Nam
553 1597 654 1697 quod
685 1597 858 1672 nonnulii
888 1599 1100 1672 existimant
1131 1600 1237 1671 sacia
1268 1596 1336 1670 Sa-

262 1718 469 1793 mothracia
504 1743 527 1792 e
552 1718 709 1793 Boeotia
741 1718 920 1792 manslata
952 1740 1036 1793 esse
1057 1741 1081 1792 a
1105 1717 1267 1814 Pelasgis
1290 1716 1337 1789 ii·

261 1839 321 1929 lis,
345 1841 409 1938 qui
435 1862 459 1913 a
483 1838 635 1914 lioeotis
660 1840 752 1915 victi
767 1836 934 1913 Athenas
959 1850 1229 1930 concesserunt,
1252 1839 1339 1911 hinc

261 1957 464 2048 Lemnum,
489 1958 655 2033 Imbrum
680 1969 719 2031 et
731 1958 998 2032 Samothracen
1015 1962 1196 2055 emigrare
1222 1962 1338 2034 coacti
1379 1957 1382 1961 ’
1443 1936 1449 1955 ’

208 2134 215 2145 a
261 2087 369 2166 eunt,
402 2075 561 2150 obtineri
591 2098 669 2150 uon
699 2086 836 2175 potest
886 2075 1037 2153 Etenim
1061 2080 1128 2154 iiia
1150 2083 1235 2178 ipsa
1257 2080 1338 2155 He·
1452 2144 1453 2171 a

261 2193 387 2271 rodoti
413 2191 686 2295 conjectura['’]‚
720 2194 979 2272 Samothraces
1006 2203 1109 2296 orgia
1133 2186 1202 2274 sua
1223 2222 1247 2273 a
1266 2198 1336 2272 Pe·v
1452 2184 1453 2189 ¹

262 2315 376 2412 leogis
408 2316 690 2392 Atheniensium
716 2317 913 2413 *qurondam
938 2320 1129 2419 inquilinis
1154 2323 1339 2419 accepisse

264 2460 334 2537 per
368 2459 410 2511 se
441 2437 633 2535 nonrnlus
666 2436 768 2514 valet
792 2454 905 2535 quam
931 2438 1169 2517 Stesimbroti
1194 2444 1340 2535 scitum,

265 2553 420 2631 Gabinos
459 2580 482 2629 e
518 2557 679 2654 Phrygia
719 2556 945 2663 deducentis.
1007 2561 1108 2634 Inter
1141 2560 1340 2637 Thebanos

265 2698 356 2753 vero
392 2671 547 2752 Cabiros
579 2690 617 2751 et
650 2674 928 2757 Samothracios
953 2692 1011 2754 est
1034 2680 1184 2779 quidem
1210 2682 1340 2756 simili·

264 2795 357 2872 tudo
383 2796 566 2896 quaedam
592 2797 660 2872 sed
684 2800 897 2889 invecticia,
922 2814 966 2875 ut
989 2802 1149 2893 videtur,
1174 2824 1252 2876 non
1275 2825 1341 2874 na-

266 2918 356 2995 tiva.
408 2918 498 2991 lhos
524 2940 608 2993 cum
641 2920 764 2995 Matre
788 2922 814 2994 i
840 2944 871 2994 e.
897 2944 982 2997 cum
1010 2919 1142 2997 Cerere
1167 2924 1240 2997 coli
1263 2934 1341 2995 tra-

266 3036 324 3113 dit
348 3037 552 3113 Pausanias
577 3085 628 3098 -
654 3039 766 3120 dnoici
792 3046 893 3120 ἐστιν
919 3044 1047 3129 αὐτοῖς
1079 3045 1143 3120 καὶ
1174 3054 1220 3142 τῇ
1247 3052 1341 3140 Μη-

265 3157 329 3259 τρὶ
364 3158 408 3234 τὰ
440 3155 618 3260 δρώμενα
649 3206 701 3218 -
742 3158 903 3250 Quinam
937 3164 1049 3257 igitur
1078 3163 1207 3237 fuerei
1247 3184 1343 3235 num

132 3276 137 3287 ’
267 3287 366 3366 tres,
407 3301 500 3376 quos
539 3278 735 3356 Acusiiaus
775 3292 814 3355 et
851 3281 1081 3389 Pherecydes
1119 3296 1342 3376 memorant,

409 3511 475 3589 [Δά]
493 3535 597 3603 gonnor
613 3517 660 3570 sai
676 3515 853 3604 nomoycuov
870 3518 979 3594 κούρας·
997 3520 1045 3577 ier
1062 3524 1134 3595 φασὶ
1241 3514 1243 3521 ’
1341 3506 1348 3529 ‘

410 3591 562 3652 Μεσσηνην
577 3592 670 3641 θεῖναι
684 3592 833 3659 eutycium
848 3598 958 3646 θεαῖσιν
974 3591 1071 3664 ἀγῶνα

410 3652 544 3710 dicture
561 3659 686 3712 Κλείνοιο
704 3654 778 3731 γόνῳ
795 3657 924 3716 Konision
940 3659 1063 3718 ἁδοῦσαν
1079 3670 1130 3718 etc.

270 3756 338 3812 quae
355 3742 390 3797 od
406 3746 488 3798 mecm
506 3745 658 3800 sententiam
676 3747 778 3800 correxi
804 3764 854 3800 uon
879 3756 910 3802 ut
934 3757 1028 3818 pomae
1050 3740 1157 3805 manum
1176 3749 1343 3804 restituerem

269 3812 315 3866 sed
333 3821 363 3867 ut
379 3831 470 3899 seusus
491 3821 603 3904 patum
639 3818 758 3941 ingeret
781 3818 841 3873 binc
864 3818 1024 3876 Mercurium
1048 3823 1147 3878 deabus
1170 3822 1296 3890 megrim
1311 3829 1345 3877 nt

254 3960 263 3971 ..
271 3883 483 3955 Samothracae,
509 3887 659 3957 adjunctum
704 3906 764 3941 rese.

340 4001 386 4074 [i]
419 4024 444 4061 v.
462 4007 591 4064 Niebuhr.
608 4008 770 4065 matura.
789 4008 824 4062 Τ.
842 4008 863 4061 Ι.
881 4006 924 4064 84.
942 4010 993 4066 lod.
1011 4011 1048 4066 11.
