2925 4684
441 255 444 262 ·
545 230 817 285 onnnicn.
1140 216 1217 302 ⁸⁸9.

147 397 262 470 titulis
295 390 500 468 inscribere
532 388 667 476 solent,
699 407 776 460 non
807 387 1079 487 Aegyptiorum
1111 386 1217 463 obse-

146 518 233 613 quio
260 514 328 588 sed
353 523 516 587 naturae.
552 506 652 598 Quid
676 510 789 604 igitur
816 508 863 582 de
887 509 1126 606 Pythagoreis
1152 508 1218 583 du·

144 636 328 724 bitamus,
366 633 494 732 quibus
526 640 672 740 constat
696 627 841 703 decoris
867 642 905 702 et
929 632 1219 726 magnificentiae

144 778 223 829 non
273 755 451 828 minorem
492 773 618 825 euram
658 749 775 824 fuisse
815 772 925 847 quam
967 750 1220 843 Arohmnistis‚

145 874 268 968 Magis
309 885 345 947 et
383 870 636 971 seplasiariisl
677 868 763 943 Huc
797 869 995 944 accedebat
1026 875 1218 970 proprium

145 996 258 1090 hujus
283 1005 402 1068 sectae
428 991 596 1094 studium
617 1012 745 1064 nerum
772 992 939 1064 omnium
957 992 1219 1070 similitudines

145 1126 186 1188 et
210 1114 398 1209 analogias
423 1111 644 1207 indagandi,
676 1110 776 1184 unde
801 1115 910 1208 copis
935 1113 1220 1189 translationum

143 1249 183 1309 et
197 1217 201 1224 ⁷
215 1234 560 1308 denominationum
593 1233 694 1304 nasei
720 1231 826 1304 solet
876 1231 984 1306 Hane
1009 1244 1134 1307 autam
1160 1257 1219 1309 ra·

142 1359 284 1430 tionem
318 1354 545 1428 domesticae
577 1354 710 1425 horum
745 1351 1053 1449 philosophorum
1085 1354 1220 1429 (looni-

142 1497 216 1550 nae
263 1473 622 1570 conjunctissimsm,
674 1471 838 1569 nullique
886 1475 951 1547 alii
992 1486 1114 1548 sectae
1153 1497 1220 1549 seu

143 1596 311 1669 Graecae
336 1616 402 1667 seu
428 1595 594 1666 exotiose
620 1613 875 1682 communem,
902 1597 985 1690 quis
1010 1594 1137 1668 eredat
1158 1613 1220 1668 ex-

144 1718 326 1789 trinsecus
352 1713 398 1788 ab
414 1712 586 1810 Aegypto
613 1733 694 1785 esse
720 1709 952 1786 derivataml
977 1715 1078 1786 Inter
1099 1737 1220 1789 exem·

89 1873 93 1881 ·
145 1827 233 1934 pla,
267 1856 371 1931 quae·
391 1834 611 1921 afferuntur,
652 1824 879 1925 symbolicae
912 1831 1104 1923 dictionis,
1139 1837 1221 1909 sive
1293 1863 1295 1868 ’

148 1956 217 2027 illa
247 1956 331 2027 licta
360 1966 496 2027 sunta
522 1951 712 2028 Graeculis
738 1953 820 2027 sive
845 1953 1077 2049 Pythagorae
1101 1957 1220 2052 ipsius

146 2097 214 2149 one
247 2083 419 2171 excepta,
451 2082 669 2160 unum-est,
694 2078 834 2170 inquo
861 2072 1003 2148 diutius
1028 2078 1222 2150 inmorari

144 2195 279 2284 libeat,
313 2194 409 2277 illud
433 2192 533 2292 qnod
560 2192 607 2265 de
632 2195 746 2266 maris
772 2205 856 2266 ortu
881 2193 1025 2272 dieitur.
1077 2195 1172 2270 Nam
1185 2218 1223 2268 =a

144 2315 310 2389 lacrimis
351 2313 506 2388 deorum
549 2325 629 2386 tum
662 2313 746 2403 alii,
780 2336 873 2410 quos
901 2316 981 2410 jam
1012 2316 1222 2389 nominavi·

144 2456 255 2523 mus,
296 2433 559 2508 similitudines
599 2432 804 2522 duxerunt,
844 2445 923 2507 tum
963 2435 1075 2508 otiam
1109 2445 1223 2532 poeta

146 2552 372 2649 Theologus
411 2552 588 2626 Proculus
627 2555 666 2626 in
699 2553 795 2626 Tim.
828 2556 856 2626 l.
888 2551 948 2628 35.
982 2559 1018 2633 οἱ
1049 2554 1223 2661 θεολόγοι

13 2717 14 2726 1
148 2677 221 2771 τὴν
245 2674 408 2772 «ἡλιακὴν
440 2672 622 2774 πρόνοιαν
657 2674 721 2751 καὶ
752 2681 804 2758 εἰς
828 2676 876 2750 τὰ
902 2677 1028 2772 θνητὰ
1053 2677 1118 2752 dod
1143 2685 1223 2752 τῶν

14 2845 17 2860 ι
72 2810 75 2817 ’
148 2793 330 2895 δακρύων
354 2792 579 2892 σημαίνουσι

233 2917 369 3005 Δάκρυσ
389 2920 446 3002 μὲν
466 2920 559 2985 σέθεν
581 2919 645 2982 ἔστι
665 2915 865 3000 πολυτλήτων
885 2920 971 3003 γένος
990 2919 1111 3005 ἀνδρῶν

148 3048 189 3109 et
214 3036 255 3106 in
280 3033 387 3106 Polit.
400 3055 438 3129 p.
453 3031 539 3107 384.
567 3030 658 3106 dicit
675 3021 868 3121 'lacrymis
895 3030 1028 3127 quibus
1054 3031 1108 3107 dii
1123 3052 1223 3106 mor·

148 3166 239 3236 tem,
266 3155 460 3226 nominum
498 3129 571 3224 sili
603 3150 845 3224 familiarium
878 3149 1012 3224 deflere
1043 3151 1225 3244 meanto,

148 3275 349 3370 significari
381 3294 510 3346 eorum
535 3274 574 3344 in
601 3270 741 3345 tuendo
767 3270 980 3347 mortalium
1005 3296 1137 3369 genere
1162 3297 1225 3347 ou·

149 3417 233 3468 ram
272 3405 310 3467 et
344 3391 637 3491 providentiam:
671 3391 830 3496 Δοίνρυα
861 3392 1106 3496 πολυτλήμων
1139 3395 1224 3496 (sio)

152 3515 259 3616 γένος
276 3512 460 3615 ἀνδρῶν,
496 3498 589 3614 φησί
612 3542 668 3599 τις
692 3516 762 3593 τὸν
785 3515 891 3611 ἥλιον
915 3514 1058 3613 ὑμνῶν.
1112 3515 1162 3587 Et
1185 3537 1223 3611 p.

155 3629 241 3704 385.
265 3632 313 3709 τὰ
341 3631 490 3735 ὃσίνρυα
515 3642 580 3729 τῆς
606 3638 657 3717 είς
681 3635 730 3710 τὰ
756 3637 883 3732 θνητοὶ
901 3635 1079 3737 προνοίας
1095 3636 1224 3711 αὐτῶν

82 3823 87 3834 .
154 3751 218 3829 καὶ
242 3751 395 3856 ἐπίκηρα
422 3751 625 3857 πράγματα
652 3752 881 3853 συνθήματά
907 3760 1027 3843 ἐστιν,
1053 3754 1074 3829 ὅ
1100 3749 1143 3827 δὲ
1164 3753 1225 3855 ρι’-

154 3881 225 3958 λιος
256 3883 322 3972 τῆς
356 3881 408 3959 είς
440 3873 488 3951 τὰ
521 3876 588 3951 ὅλα
614 3874 677 3951 καὶ
691 3860 882 3961 ἰίσαιίτως
907 3872 1108 3972 κινούμενα
1133 3882 1225 3969 πλη-

154 3990 313 4094 ρυίματα
354 4003 422 4071 τοῦ
455 3996 595 4083 παντὸς
628 3994 829 4100 ἐνεργείας·
862 3992 992 4094 διόπερ
1027 3993 1226 4095 οἶμαικαὶ
