2925 4684
101 65 114 118 α
160 59 169 76 .

130 161 135 172 ’
194 223 215 266 ,
246 171 345 275 1140
579 140 971 244 msun‘runrrus.

118 397 123 410 .
172 405 177 416 ,
242 354 389 445 praeter
421 365 558 419 nomen
591 346 685 419 nihil
711 346 790 418 lere
806 347 979 437 ‘constat‘
1018 343 1074 419 Ae
1098 366 1146 418 ue
1167 345 1317 421 inveni-

244 477 306 538 tur
339 462 488 563 quidem
521 464 615 539 illud
641 467 681 538 in
706 465 971 539 vetustissimis
995 464 1209 561 graecarum
1234 465 1315 538 lite-

244 606 367 658 rarum
400 587 641 659 monimentis
674 583 741 658 sed
776 587 964 675 omnium,
998 588 1061 683 qui
1078 581 1317 658 bodie'uos-

229 715 395 794 ‚emitum
431 708 574 803 primus
601 704 772 802 Orpbeus
805 707 844 777 in
872 703 1087 800 Theogonis
1110 703 1321 779 introduxit

245 825 487 923 Proserpinae
519 825 716 915 satellites,
750 837 793 897 ut
824 824 1000 899 Proculus
1025 825 1158 916 refert,
1189 826 1318 923 ἡῖτῶν

246 942 508 1046 Κορυβάντων
540 943 643 1034 τάξις
676 944 1015 1045 συμπροβοίνουσα
1047 956 1093 1044 τῇ
1125 942 1230 1046 Κόρῃ
1255 944 1319 1021 καὶ

246 1073 469 1165 φρουροῦσα
502 1066 621 1163 αὐτὴν
645 1086 681 1139 v.
707 1085 807 1162 supr.
840 1087 877 1162 p.
903 1062 989 1138 546.
1024 1067 1086 1163 qui
1119 1075 1158 1138 et
1179 1086 1318 1139 nomen

246 1183 333 1256 hine
372 1193 493 1258 onum
533 1196 659 1283 putat,
699 1183 890 1279 vulgarem
923 1186 963 1257 in
996 1185 1068 1259 boe
1101 1186 1318 1283 opinionem

118 1310 122 1319 '
248 1303 616 1400 sequutus-Servius
642 1301 692 1376 ad
718 1302 810 1377 Aen.
834 1303 896 1377 111
925 1304 1008 1382 lll.
1034 1305 1179 1379 aenea
1200 1325 1320 1399 eym-

155 1426 160 1430 ’
248 1422 357 1495 bala
391 1419 746 1515 Corybantibus
780 1420 910 1514 dedit
942 1425 1146 1498 Iasionis
1178 1421 1320 1513 filiis,

250 1543 330 1640 qui
361 1544 569 1638 vagitum
594 1540 730 1620 lovis
757 1543 1054 1634 celaverunt,
1087 1552 1200 1643 quos
1224 1544 1320 1641 qni·

251 1659 352 1736 dam
392 1660 695 1758 Corybantes
736 1660 892 1738 dictos
932 1677 1102 1762 putant
1141 1665 1215 1742 ἀπὸ
1254 1670 1321 1759 τῆς

250 1780 392 1884 Κόρης,
433 1779 648 1877 Corybas
689 1784 813 1855 enim
852 1783 1160 1883 Proserpin'i,
1204 1778 1346 1879 quae·

250 1900 710 2002 Kdnry-dioitur,'sine
736 1913 873 2001 patre
898 1915 1046 1977 natus.
1097 1904 1229 1977 Paullo
1255 1904 1323 1976 ali·

252 2032 310 2094 ter
335 2023 461 2117 Etym.
486 2022 537 2095 Μ.
563 2020 805 2123 ’Κορύβαντες
831 2026 867 2099 οἱ
888 2025 958 2122 τὴν
976 2023 1103 2127 Κόρην
1127 2020 1323 2123 καταβάν-

1215 2136 1354 2215 fabu-·

143 2245 145 2250 4
253 2263 312 2335 lae
332 2261 579 2363 'furndamenta
603 2262 729 2335 latent
781 2260 897 2335 Nobis
931 2263 1141 2338 credibilius
1175 2255 1325 2351 videtur

233 2404 389 2480 ,nomen
416 2380 670 2476 Corybantum
695 2383 774 2454 illio
799 2391 929 2468 natum
954 2405 1035 2455 esse
1043 2381 1090 2482 [l]
1120 2383 1184 2458 ubi
1210 2380 1324 2477 Cor'y-

161 2569 165 2575 .
191 2483 194 2488 λ
253 2501 409 2573 bantion
443 2512 481 2572 et
498 2498 713 2597 ‘Corybissa
737 2501 827 2591 fuit,
861 2504 900 2575 in
928 2501 1094 2594 Troade,
1120 2521 1214 2601 quae
1239 2503 1325 2576 reli-

254 2623 402 2715 gionum
436 2620 676 2718 Phrygiarum
691 2623 865 2721 :propria
895 2621 1020 2713 sedes,
1060 2625 1325 2719 etymologiam

164 2729 181 2761 ⁵
257 2755 380 2836 tamen
404 2743 532 2841 istem,
559 2745 653 2815 'utut
684 2744 817 2817 falsam
852 2742 1086 2839 similemque
1116 2743 1212 2833 illis,
1237 2743 1325 2839 ¹qui·

234 2859 325 2934 'bus
350 2860 530 2935 voeabula
555 2862 741 2953 Amanus,
765 2861 971 2957 Atargatis,
995 2860 1188 2937 Adiabene
1209 2862 1326 2960 expli·
1443 2930 1445 2934 ,

256 2990 408 3070 eantur,
449 3004 526 3054 non
558 2983 640 3057 sola
672 2985 755 3056 soni
788 2981 1033 3056 similitudino
1066 2981 1134 3058 sed
1168 2980 1326 3079 quadam

199 3143 202 3160 ·
257 3101 413 3175 Liberae
439 3124 522 3174 enm
551 3098 824 3197 Corybantibus
849 3105 1027 3176 societate
1052 3105 1140 3192 niti,
1173 3124 1219 3175 ex
1243 3100 1328 3173 aliis

125 3408 133 3421 .
232 3420 236 3426 ,
259 3369 376 3423 delleotit
388 3375 484 3440 γένους
494 3371 525 3426 ul
543 3361 617 3427 οὗτοι
631 3372 741 3427 ἀλλοίου
759 3376 807 3425 καὶ
819 3374 846 3427 οἱ
858 3370 1002 3446 Κούρητες,
1020 3374 1112 3426 alius
1131 3379 1211 3425 sunt
1228 3386 1327 3439 gene·

259 3441 311 3492 ris
334 3438 554 3507 Corybantes
579 3449 681 3510 atque
708 3443 862 3495 Curetes.
898 3443 952 3496 Sed
974 3461 1008 3495 ex
1025 3443 1083 3496 aliis
1100 3442 1247 3498 Pausaniae
1263 3439 1329 3510 locis

261 3526 312 3562 non
330 3518 440 3578 apparet
457 3527 514 3562 eum
531 3510 696 3581 Corybantes
712 3530 735 3565 a·
747 3512 887 3566 Curetibus
904 3514 1022 3568 diversos
1045 3522 1153 3583 putasse
1175 3519 1203 3564 et
1225 3511 1249 3563 si
1273 3509 1330 3561 Cu-

260 3587 331 3632 retes
354 3586 381 3630 et
406 3579 583 3647 Corybantes,
607 3589 637 3633 ut
659 3582 739 3650 vulgo
763 3584 944 3653 comprehendi
967 3584 1065 3649 solent,
1090 3585 1130 3638 ita
1152 3582 1179 3634 in
1203 3581 1248 3633 ills
1270 3579 1329 3631 basi

100 3710 103 3718 ¹
261 3648 390 3718 conjuncti
413 3651 500 3715 luere,
524 3651 588 3703 nibil
604 3650 731 3705 intererat
753 3661 813 3705 utro
835 3653 892 3706 loeo
908 3653 974 3706 illud
991 3654 1155 3720 admoneret,
1179 3650 1248 3719 quod
1271 3650 1332 3701 vul·

205 3777 208 3782 ,
261 3729 325 3789 gete
342 3719 420 3771 lectio
438 3720 577 3788 significat,
594 3721 671 3774 unius
688 3739 775 3776 eorum
793 3723 932 3791 (Curetum
949 3723 991 3776 vel
1010 3722 1202 3793 Corybantum)
1220 3722 1331 3788 figuram

261 3808 312 3843 uon
330 3807 388 3842 esse
405 3788 515 3860 curetis·
533 3790 575 3843 vel
593 3791 754 3861 Corybantis
777 3792 838 3860 (sed
862 3793 929 3846 alius
952 3793 1063 3846 ministri
1084 3792 1216 3855 Cerealis,
1240 3788 1332 3842 Jaeclri

261 3870 307 3914 aut
324 3861 436 3913 lusionis
453 3870 500 3914 eut
517 3862 596 3932 Anyti
615 3863 680 3931 eto)

333 3946 382 4013 [†]
410 3947 472 4011 Quo
490 3956 604 4019 tempore
621 3949 709 4018 lingua
728 3949 851 4003 hebraica
872 3950 982 4003 omniurn
1005 3943 1332 4038 antiquissimazeredeba-
