2925 4684
532 209 806 324 oarrrci.
1111 257 1207 334 loll

233 421 467 500 Sententiae
483 427 530 501 ab
565 447 611 499 eo
643 427 861 526 propositae
887 424 963 499 duo
988 438 1074 499 suut
1098 434 1205 528 quasi
1259 502 1268 518 ,

38 575 40 578 ’
133 546 272 644 capita,
299 561 457 643 quotum
482 565 597 621 unum
621 550 753 647 utique
778 563 921 624 nevum
946 565 1023 618 uon
1048 553 1123 638 eit,
1150 552 1203 648 alf
1258 633 1260 644 Ι

131 674 253 739 terum
283 688 417 739 vereor
446 676 489 739 ut
518 666 671 765 probari
694 670 824 766 posslt
877 662 1047 740 cultores
1073 664 1202 762 Cmyt-

127 794 192 866 tus
217 784 355 881 Baptae
379 795 533 861 vocatos
557 809 639 862 esee
662 786 712 860 ab
735 784 1032 861 mersionibus
1059 798 1097 858 et
1111 786 1202 884 bap·

114 904 272 993 'tismis‚
297 928 321 978 a
342 905 528 1004 principio
552 908 742 1003 religionis
767 919 879 981 culmo
901 906 1100 993 intuentis,
1138 904 1202 977 de-

130 1018 218 1096 hinc
246 1026 287 1096 in
316 1022 519 1100 ludibrium
544 1029 681 1117 versis,
713 1039 843 1101 nostra
866 1036 947 1099 erut
973 1027 1121 1124 opinio,
1155 1023 1203 1097 de

130 1161 205 1240 qua
235 1143 299 1216 ille
329 1141 423 1218 nillil
453 1147 646 1235 immutat,
687 1150 761 1221 niel
793 1146 895 1246 quud
927 1143 1066 1218 nomen
1097 1142 1201 1217 istud

128 1282 205 1334 non
243 1265 284 1336 in
323 1265 455 1359 vtdgus
492 1279 626 1339 notum
659 1261 726 1339 scd
758 1267 806 1340 ab
842 1263 1028 1365 Eupolide
1063 1265 1207 1337 comice

126 1383 255 1456 fiotum
287 1395 415 1481 putat,
445 1386 803 1475 lacescentium,
830 1385 931 1484 quod
957 1381 1203 1457 demonstrati

128 1515 304 1601 nequeat,
335 1506 462 1578 lictum
495 1523 573 1579 non
598 1525 689 1579 etse.
749 1504 848 1580 Sane
872 1501 1036 1593 hercule,
1058 1506 1093 1577 si
1117 1505 1201 1601 quis

129 1634 343 1717 argumenta
379 1627 551 1723 requirit,
588 1645 685 1725 quaa
718 1628 980 1721 geometricam
1014 1622 1200 1722 quendam

129 1744 389 1847 πειθανάγκην
421 1746 592 1836 afferant,
623 1747 745 1819 fateor
769 1746 872 1819 nulla
897 1763 996 1831 esse,
1022 1741 1089 1814 sed
1112 1745 1221 1839 μιν·

130 1861 270 1956 habilia
302 1868 469 1962 sequenti
500 1867 584 1940 ficte
618 1866 742 1940 simile
766 1887 843 1940 non
868 1863 1036 1950 videtur,
1062 1864 1200 1960 quippe

130 2003 154 2053 a
187 1983 343 2057 solemni
373 1988 537 2059 muneris
569 1989 664 2059 sacri
695 1987 887 2059 functione
922 1982 1074 2056 ductum
1108 1993 1146 2053 et
1178 2003 1201 2053 a

127 2104 229 2200 turpi
259 2105 448 2179 intellectu
481 2125 598 2202 aeque
628 2118 815 2179 remotum
848 2115 958 2202 atque
991 2107 1049 2175 est
1072 2101 1200 2199 Bapti-

129 2233 207 2295 stae
238 2246 375 2298 nomen
408 2229 448 2298 in
482 2236 610 2299 nostra
646 2226 819 2299 Ecclesia.
877 2225 923 2297 ln
956 2223 1200 2318 iuscriptiune

129 2339 280 2416 Aricina
305 2355 363 2418 est
386 2345 570 2418 Dianae
595 2344 837 2442 Augustae
865 2340 1200 2436 CollegumLo-
1312 2384 1316 2389 -

129 2471 283 2535 torum
302 2465 358 2562 [⁷]
391 2467 570 2542 incestum
602 2485 676 2562 quo
710 2485 864 2538 munere
902 2461 1090 2549 functum,
1133 2458 1201 2532 sed

130 2591 229 2653 certo
261 2595 476 2679 argumento
508 2584 691 2659 vocabula
723 2581 909 2679 ejusntodi
933 2603 981 2653 ne
1006 2582 1201 2654 minimam
1268 2595 1270 2604 ’

130 2700 281 2797 quidem
318 2704 482 2778 ludicrae
522 2707 680 2779 fictionis
724 2705 972 2804 suspicionem
1012 2698 1200 2798 praebere.

128 2819 235 2894 lllius
259 2822 458 2898 Lcmbardi
483 2827 652 2924 magistri
683 2824 906 2897 sententiam
931 2821 1013 2917 ipse
1039 2831 1077 2890 et
1094 2841 1200 2891 -curn-

201 2991 240 3061 [⁷]
279 2989 402 3048 Fabretti
424 2996 506 3048 Inscr.
531 3013 559 3064 p.
582 2995 643 3047 210.
678 2983 847 3043 Falconerius
874 2989 908 3041 ad
937 2988 1018 3040 Inscr.
1043 2985 1140 3037 Athlet.
1168 2982 1200 3035 in

129 3060 211 3113 Thes.
242 3063 358 3118 Gronov.
399 3066 434 3118 Τ.
463 3063 538 3119 VIII.
574 3082 601 3133 p.
630 3059 708 3114 2³04.
747 3060 850 3111 dubitat
884 3065 969 3110 ulrtrm
1003 3055 1043 3109 illi
1078 3054 1198 3118 advenis,

128 3147 205 3199 quum
228 3133 361 3201 religionis
395 3141 442 3189 aut
474 3134 557 3188 morbi
591 3129 738 3201 depellendi
762 3145 842 3184 causa
869 3129 896 3180 in
924 3127 984 3179 lecu
1017 3141 1091 3178 sacro
1123 3124 1199 3179 love·
1275 3173 1278 3178 ,

130 3210 235 3268 rentur,
265 3207 427 3272 praefuerint
453 3224 484 3259 ac
512 3206 553 3258 rei
581 3219 671 3256 morae
693 3200 860 3272 peragendae
884 3198 962 3250 ritum
990 3197 1200 3262 ruenstrsveriut,

128 3289 162 3324 au
179 3274 342 3328 simulacrum
358 3277 460 3329 Dianae
485 3277 563 3329 certis
590 3276 681 3328 dicbus
697 3274 725 3325 in
747 3271 863 3338 subjecto
885 3268 945 3321 lucu
970 3266 1113 3332 ablueriut3
1140 3267 1210 3338 qui-¹
1261 3331 1265 3340 ¹

128 3342 178 3394 bus
196 3345 308 3397 conferri
325 3353 411 3415 potest
427 3341 515 3415 Etyrn.
534 3339 573 3399 M.
591 3343 650 3398 294.
668 3343 710 3396 25.
734 3344 896 3406 κατανίπτης
912 3334 1043 3411 ἱερωσύνη
1058 3333 1196 3411 Ἀθήνῃσι,

130 3407 145 3464 ὂ
162 3412 197 3465 τὰ
214 3411 286 3468 κάτω
304 3421 351 3470 τοῦ
368 3419 474 3473 πέπλου
491 3421 537 3480 τῆς
548 3415 665 3483 Ἀθηνᾶς
682 3409 872 3487 ῥυπαινόμενα
888 3404 1054 3463 incidimur
1072 3409 1198 3476 (notiores

129 3489 189 3536 tunt
212 3485 371 3558 πλαντρίδες
394 3494 421 3540 et
442 3489 506 3541 leur
525 3486 594 3554 ι’δες)
619 3494 646 3539 et
670 3489 697 3539 ol
718 3484 830 3543 πλονεῖς
854 3482 881 3533 in
909 3480 1076 3548 inscriptione
1100 3479 1198 3542 Attica,

130 3568 195 3619 quos
220 3563 291 3607 certe
313 3558 470 3611 Paciaudius
526 3574 609 3611 onum.
633 3555 741 3624 Pelopp.
766 3551 801 3607 T.
820 3553 855 3605 11.
879 3569 905 3622 p.
923 3550 983 3603 217.
1007 3567 1064 3601 curn
1089 3547 1198 3615 collegio

128 3621 239 3676 locorum
255 3627 360 3680 Aricino
379 3635 519 3698 comparat.
553 3627 623 3679 Huic
644 3625 726 3676 simile
745 3624 880 3691 collegium
898 3621 1032 3674 memorari
1050 3619 1155 3676 videtur
1171 3619 1198 3668 iu

128 3690 300 3779 hfferiptioue
318 3699 449 3767 Cyzicena
466 3717 507 3769 ep.
527 3697 637 3765 Caylum
653 3696 716 3746 Rec.
739 3695 773 3745 T.
790 3695 827 3745 ll.
845 3691 886 3746 Pl.
905 3692 947 3744 59.
973 3694 1002 3742 αἱ
1022 3689 1198 3742 συντελοῦσαι

129 3779 194 3822 τους
211 3780 329 3836 κοσμους
346 3767 422 3841 παρὰ
438 3773 470 3842 τῇ
487 3771 581 3838 Μητρὶ
603 3770 635 3838 τῇ
658 3762 799 3853 Πλακιὴνρ
824 3765 869 3815 καὶ
893 3764 1040 3835 ἱεροποιίαι
1058 3773 1197 3827 προςαγο-

148 3828 276 3905 ευόμεναι
299 3835 448 3892 θαλάσσιαι
472 3842 519 3892 καὶ
536 3840 666 3891 συνοῦσαι
682 3833 739 3903 μετ’
760 3835 849 3885 octor
866 3833 970 3904 ἱέρειαι.
1007 3824 1198 3893 Thrasymedes
1241 3845 1244 3848 “

127 3850 264 3959 &emirati
279 3907 361 3960 filiam
377 3910 465 3998 rapuit
481 3910 528 3962 ἐπὶ
550 3912 581 3981 τῇ
604 3900 727 3976 θαλάσσῃ
751 3908 852 3976 oeulos
872 3906 1003 3954 τελοῦσαν
1024 3897 1146 3963 Polyaen.
1164 3895 1196 3947 V.

127 3968 169 4024 14.
186 3973 235 4035 τὰς
246 3984 380 4047 γυναῖκας
391 3997 438 4039 τας
448 3979 621 4049 Ταναγραίας
634 3970 743 4046 πρώτας
751 3967 887 4027 Διονύσου
900 3970 933 4023 τὰ
951 3965 1031 4037 ὄργια
1047 3970 1198 4037 promotiome

128 4043 174 4097 ἐπὶ
191 4044 337 4104 θάλασσαν
355 4052 503 4115 καταβῆναι
520 4052 678 4121 καθαρσίων
696 4047 786 4100 εἵνεκα
803 4043 881 4095 Pons.
899 4041 947 4093 IX.
963 4039 1006 4098 ΞΘ.
1024 4036 1050 4090 4.

902 4124 1000 4202 15*
