2925 4684
291 260 388 336 1298
630 274 774 328 nienn
799 271 1016 326 nunnius.

240 424 244 437 ’
288 433 424 519 Σίλλου
449 431 514 510 καὶ
543 428 750 533 Τρίβαλλσς
773 425 1069 528 ὀνομαζόμενοι,
1103 425 1267 526 ἐπίορκοι
1298 426 1366 502 καὶ
1446 462 1447 521 3

289 552 416 660 ἀργοί·
445 553 506 629 ἀπ’
534 553 662 629 αὐτῶν
687 550 752 629 καὶ
775 550 818 627 τὸ
846 545 1188 649 παροιμιαζόμενον
1214 544 1364 645 [opud-

288 701 373 751 πιον
406 670 550 775 ἀμορό,·
587 667 884 767 ἄπελιθώθησαν
910 669 951 746 δ’
980 663 1093 745 οὗτοι.
1145 665 1222 740 Nec
1256 665 1366 739 dubi·

288 795 362 866 tari
385 788 513 890 potest
537 792 626 889 quin
650 786 852 864 Herculem
886 791 926 865 in
951 787 1017 861 ills
1043 784 1276 873 Oechaliensi
1304 807 1364 858 ex·

289 911 480 1010 peditione
519 931 666 1009 quoquo
702 909 817 984 modo
850 910 1080 985 vexaverint
1140 903 1363 1002 Quanquam

291 1035 389 1105 enim
431 1030 478 1104 do
517 1029 668 1105 sedibus
707 1052 837 1103 eorum
880 1043 917 1103 et
950 1027 1162 1103 nominibus
1195 1037 1363 1098 auctores

289 1153 545 1249 maximopere
569 1152 735 1240 variant,
770 1162 896 1223 tamen
923 1172 1050 1223 omnes
1083 1151 1137 1220 eis
1164 1142 1362 1220 Herculem

260 1272 506 1369 adjungunt.
555 1268 775 1345 Herodotus
800 1270 879 1343 Vll.
906 1271 992 1345 216.
1019 1270 1120 1345 viam
1145 1266 1363 1363 Anopaeam

291 1394 331 1465 in
364 1386 532 1469 Locridis
566 1392 732 1465 confiniis
767 1394 807 1464 in
840 1392 1139 1487 angustissimum
1173 1388 1362 1459 tramitem

291 1513 392 1586 exire
428 1511 519 1584 dicit
557 1513 655 1589 κατὰ
689 1508 954 1616 Μελαμπύγου
987 1508 1211 1609 καλεόμενον
1252 1506 1362 1584 λίθον

291 1632 476 1709 καὶκατὰ
501 1630 715 1732 Κερκώπων
748 1632 870 1731 έόρας.
905 1631 971 1733 ubi
1003 1629 1235 1725 Melampygi
1268 1614 1360 1723 lapis

222 1798 225 1809 ι
291 1774 379 1844 eum
422 1751 624 1848 significat,
668 1753 709 1823 in
750 1752 824 1848 quo
864 1749 1044 1825 Hercules
1087 1748 1273 1844 requievit
1298 1743 1359 1844 [†]‚

291 1871 397 1972 έόραι
422 1883 547 1945 autem
573 1866 782 1968 Cercopum
808 1869 963 1945 insidias
990 1871 1072 1944 sive
1097 1867 1268 1969 ἐνέδρας,
1297 1888 1358 1938 un-
1438 1914 1447 1923 -

196 2030 200 2037 f
292 1984 339 2057 dc
364 1988 516 2061 heroem
546 1992 707 2084 aggressi
740 2002 827 2063 sunt
859 2002 896 2063 et
927 1990 1173 2063 dormientem
1203 1985 1358 2085 quidem,
1446 2052 1447 2073 p

168 2136 195 2151 κ
293 2114 336 2177 ut
369 2104 529 2179 videtur.
579 2107 731 2182 Etenim
754 2106 924 2213 ¹'l'zetzes
957 2107 1051 2184 Chil.
1078 2106 1121 2180 V.
1144 2104 1216 2181 75.⁴
1237 2117 1358 2178 narrat
1445 2078 1447 2211 Ι

291 2224 484 2359 Ραοαοῑιρια
516 2236 559 2300 ολ
586 2227 826 2306 Aolemonem
857 2228 1108 2304 Memnonidis
1133 2226 1227 2300 filios
1250 2235 1355 2323 rapto
1446 2213 1447 2225 ³

290 2343 422 2421 vivere
446 2347 597 2440 solitos,
632 2371 746 2447 quum
774 2347 947 2425 Herculis
980 2349 1199 2448 dormientis
1230 2345 1360 2421 manti·

293 2487 375 2561 cam
400 2482 514 2541 manu
539 2468 660 2565 tagaci
685 2485 954 2563 scrutarentur,
987 2452 1255 2569 deprehensos,
1281 2487 1362 2541 con·

292 2586 439 2660 strictos
467 2599 505 2661 et
529 2590 569 2662 in
594 2591 790 2664 humerum
823 2592 1052 2689 Melampygi
1084 2591 1241 2685 rejectos
1274 2608 1361 2675 esse,

292 2728 480 2805 quumque
504 2710 560 2782 ita
585 2714 711 2784 cernui
736 2711 941 2810 penderent
964 2686 1190 2784 intellexisse
1215 2706 1362 2781 demum

293 2849 358 2902 cur
391 2838 511 2902 mater
541 2830 715 2927 jussisset
749 2855 773 2904 a
805 2831 1043 2928 Melampygo
1081 2816 1215 2904 manus
1250 2812 1362 2909 absti-

291 2966 389 3021 nere.
424 2944 569 3024 Eadem
596 2974 642 3025 ex
667 2946 803 3025 Dionis
829 2952 1106 3026 commentariis
1126 2950 1241 3023 refert
1264 2948 1362 3025 Non-

292 3090 361 3141 nus
388 3068 526 3167 Expod.
551 3072 592 3143 in
619 3070 726 3166 Greg.
752 3068 815 3149 IV.
850 3096 878 3145 c.
907 3071 967 3146 37.
995 3070 1080 3146 508.
1113 3072 1217 3166 cujus
1249 3068 1363 3144 verba

292 3193 525 3287 transcripSit
548 3189 718 3266 En'docia
736 3198 780 3290 ‘p.
805 3191 856 3265 43
870 3194 912 3289 [⁰]
939 3200 1007 3269 τοῦ
1028 3172 1252 3293 Ἡρακλέους
1275 3187 1362 3265 ποτὲ

293 3307 366 3383 ὑπὸ
399 3308 560 3409 όένόρου
594 3308 830 3411 κοιμωμένου
863 3312 927 3389 καὶ
957 3320 1038 3388 τῶν
1069 3315 1206 3389 ἑαυτοῦ
1238 3310 1365 3388 ὅπλων

293 3424 590 3528 όποκεκλιμένιον
621 3439 676 3531 τῷ
709 3440 819 3532 φυτῷ
850 3429 1118 3529 πλησιάσαντες
1150 3414 1254 3509 οὗτοι
1285 3437 1365 3515 τοῖς

292 3639 295 3651 '
363 3629 416 3699 [†]
434 3630 522 3684 Notus
539 3636 580 3685 est
596 3631 658 3694 λεὺς
674 3628 823 3695 καππότας
839 3651 865 3687 v.
883 3634 977 3688 Ebcrt.
994 3635 1064 3688 Dice.
1082 3635 1136 3688 Sic
1153 3652 1180 3704 p.
1197 3634 1258 3687 201.
1275 3636 1365 3688 Μαν-

292 3701 355 3761 τοῦς
372 3699 472 3775 δίφρος
489 3701 567 3754 Peue.
585 3702 633 3756 IX.
659 3705 701 3758 10.
729 3704 771 3755 10.
804 3702 875 3757 eliud
897 3722 987 3758 suurn
1011 3705 1040 3757 in
1062 3722 1114 3775 qno
1139 3705 1242 3757 Silenus
1264 3703 1367 3757 resedit

292 3769 333 3822 Id.
350 3769 372 3823 I.
390 3770 434 3825 23.
462 3768 633 3847 Ἀνακλήθρα
648 3774 695 3827 nbi
712 3773 794 3828 Ceres
810 3774 834 3828 I.
852 3773 895 3828 43.
912 3780 941 3829 el
965 3774 1113 3847 ἀγέλαστος
1136 3780 1223 3848 πέτρα
1247 3773 1366 3843 ejusdem

294 3839 377 3894 aedile
392 3843 426 3895 cf.
450 3842 541 3913 Zoege
557 3843 591 3896 de
609 3844 724 3898 Obelisc.
740 3863 767 3916 p.
786 3843 845 3899 196.

366 3911 408 3982 [⁰]
426 3913 502 3966 Haec
518 3917 656 3969 Acmonem
672 3923 766 3982 vocat3
784 3914 854 3985 apud
870 3913 989 3967 Nonnnm
1007 3913 1139 3968 Alclemon
1156 3913 1264 3983 legitur3
1282 3906 1365 3966 Acless

293 3995 352 4031 mon
370 3982 488 4036 Tzetnae
504 4002 595 4037 versus
611 3986 735 4056 postulet
767 3986 869 4038 Nomen
892 3984 1015 4037 Percelna
1038 4002 1121 4055 preve
1143 3983 1312 4054 Boettigeme
1336 3983 1366 4036 in

200 4052 203 4059 '
292 4048 404 4103 Amalth.
422 4052 457 4105 Τ.
474 4052 524 4108 ΠΙ.
541 4072 568 4125 p.
585 4054 645 4108 Sffl.
664 4055 697 4109 ad
715 4055 868 4109 obscoenum
882 4054 1040 4108 intellectum
1057 4055 1202 4126 detorquet.
