2925 4684
264 192 363 267 1318
599 205 745 260 mana
770 205 990 260 ausuros.

259 369 396 462 σθιος
447 362 781 450 mercenarius,
838 359 1082 449 metellus,
1137 360 1336 459 μισθωτός

192 529 195 536 <
259 486 311 572 oie
352 487 505 568 Ἕννιος
538 480 865 572 ambertus.
935 478 1165 583 'lioydroaror
1212 481 1334 556 adu-

257 608 402 692 lator,
462 603 770 689 ambiciosus,
822 601 1075 691 ancillula,
1133 602 1330 678 stlacta·

257 728 358 802 rins
375 719 430 823 [¹].
485 721 541 796 Ao
566 721 639 798 luit
663 719 821 806 fortasse
845 724 910 818 qui
935 743 1060 804 source
1083 744 1153 820 pro
1181 745 1334 798 excurre
1385 733 1390 740 “

259 845 400 920 dictum
435 864 515 922 esse
548 839 731 932 erederet,
769 852 811 913 ut
843 842 984 933 scriba,
1017 865 1219 930 concocta,
1256 842 1332 915 eol-

260 967 363 1060 lcga,
403 960 576 1051 subdica,
614 958 824 1055 subadjuva
847 961 914 1061 [¹¹¹].
974 958 1096 1051 Quare
1128 961 1234 1059 addit
1266 963 1332 1038 ille
1448 1005 1449 1054 ,

257 1106 404 1162 scurras
430 1105 505 1166 non
531 1093 608 1160 mm
632 1103 869 1179 praecurrere
895 1081 1067 1164 dominos
1094 1106 1205 1180 ostam
1222 1086 1332 1178 sequi
1448 1075 1449 1082 '

172 1272 176 1282 ,
259 1205 389 1282 sotere.
448 1202 524 1280 Sed
564 1201 612 1278 ab
646 1202 717 1278 noc
756 1201 870 1280 verbo
904 1204 1028 1300 qualia
1058 1206 1212 1280 uomina
1244 1201 1331 1276 duei

259 1327 406 1424 possmt
430 1324 617 1422 specimen
642 1320 823 1421 praebent
847 1322 1108 1421 bubsequa,
1144 1322 1331 1421 pedise-

260 1467 396 1545 quus,
422 1465 703 1540 consequus,
728 1441 1010 1539 subsequen,
1044 1453 1082 1515 et
1107 1442 1332 1522 adsecula

260 1569 327 1666 (nt
352 1585 510 1661 ascopa
536 1560 707 1660 sapae)
740 1584 898 1659 qnorum
922 1565 1065 1646 utillum
1097 1565 1163 1640 isti
1195 1564 1330 1651 simile,

259 1708 379 1784 neque
413 1684 565 1773 Graeci,
598 1685 661 1781 qui
693 1683 851 1760 latinum
877 1704 1065 1760 scurrae
1089 1682 1330 1768 reddiderunt

261 1805 412 1907 κοπρίαι
433 1804 503 1903 [¹¹],
544 1805 794 1900 hoc,etymon
819 1805 963 1901 seqnmi
989 1815 1075 1888 enni
1104 1803 1171 1886 ted
1204 1806 1335 1901 potius

176 1977 178 1981 ψ
259 1928 426 2006 animum
452 1923 501 1998 ad
525 1946 694 2018 graeemn
730 1920 849 2023 ascio,
885 1923 1330 2022 nona[⁰]‚1etnlcrnnt
1448 1927 1449 1932 ‘

260 2040 587 2146 spurcidicum
622 2040 858 2130 denotantes,
898 2041 947 2118 de
977 2063 1050 2140 bill).
1084 2043 1215 2129 Graan
1248 2066 1327 2117 ver-

335 2226 378 2299 [l]
411 2225 447 2282 V.
473 2227 586 2279 Casaub.
611 2226 646 2280 ad
670 2227 804 2298 Theophr.
829 2228 908 2281 Char.
932 2228 967 2281 IL
991 2247 1016 2298 p.
1035 2229 1079 2282 26.
1104 2230 1240 2282 Stlatariue
1261 2228 1324 2296 iq.

262 2300 331 2354 lutor
348 2300 404 2351 sive
421 2298 685 2368 laturarins‘pronrie
705 2316 826 2368 geronem
844 2301 899 2352 sive
916 2299 1031 2370 gerulum
1048 2301 1209 2369 significasse
1225 2306 1252 2350 et
1266 2298 1327 2351 hino

264 2372 297 2424 ad
315 2369 443 2432 delicatas
462 2367 574 2438 (ἅβρας)
592 2380 619 2420 et
636 2367 767 2423 asseculas
784 2370 937 2423 translatum
954 2367 1071 2435 videtur,
1093 2372 1137 2439 qui
1155 2370 1272 2439 quoniam
1284 2369 1328 2420 le-

263 2441 375 2493 vissimis
392 2439 554 2502 ministeriis,
580 2456 646 2507 quae
663 2440 861 2511 Theophrastus
878 2447 1011 2493 enumerat
1030 2441 1057 2492 in
1080 2440 1192 2506 Colace,
1215 2439 1329 2492 dominon

267 2509 422 2563 cavillantur
440 2512 614 2581 (ἐμπαίζουσι
627 2510 742 2580 Hesych.
761 2531 782 2564 s.
797 2507 982 2582 Ἐργὸμωκος)
1000 2512 1084 2579 potius
1102 2529 1177 2582 quam
1196 2512 1329 2579 adjuvant,

265 2576 419 2651 ἔργόμωκοι
436 2580 488 2632 dici
504 2588 656 2648 potuerunt,
679 2582 698 2634 i.
717 2599 741 2635 e.
768 2581 911 2634 officiorum
934 2580 1103 2634 simulatores.
1138 2583 1216 2646 Hinc,
1234 2581 1261 2633 ni
1278 2579 1329 2631 fal-

267 2651 320 2715 lo,
344 2666 476 2720 paupera,
501 2667 567 2718 quae
583 2651 674 2715 uendit
697 2652 869 2718 causidicum,
889 2652 1012 2718 stlataria
1035 2652 1128 2704 dicitur
1150 2653 1243 2704 laven.
1269 2650 1329 2702 Vll.

267 2668 328 2774 tdt.
353 2721 415 2791 quia
432 2721 466 2773 ad
484 2721 594 2788 speeiem
611 2726 639 2772 et
655 2721 841 2775 simulationem
858 2721 1004 2791 opulentiae
1022 2722 1160 2774 adhibetur
1182 2728 1210 2774 et
1235 2721 1329 2773 atleta-

262 2792 330 2846 rium
346 2791 442 2844 bellurn
457 2791 563 2845 Petron.
582 2809 605 2844 o.
619 2791 677 2844 108.
694 2793 744 2846 hoc
761 2800 802 2845 cst
818 2808 905 2862 pugna
921 2792 1019 2845 lusoria
1035 2794 1091 2846 siue
1105 2792 1245 2858 battualia,
1262 2792 1330 2844 sicut

267 2861 427 2914 scholiastes
443 2861 577 2915 luvenalis
593 2867 684 2916 navem
702 2863 846 2915 stlatariam
863 2863 1049 2931 interpretatur
1064 2862 1227 2916 batalariam.

338 2934 393 3003 [¹11]
424 2933 482 2985 Hoc
500 2940 541 2985 est
558 2932 711 3000 subadjutor
735 2951 760 2986 v.
784 2933 907 2986 Maznohi
930 2933 964 2986 ad
987 2934 1042 2987 vit.
1066 2934 1196 3002 Porphyr.
1218 2950 1244 3001 p.
1268 2930 1328 2983 264.

265 3003 301 3056 Τ.
318 3003 364 3057 lx.
382 3003 453 3056 Gall.
478 3002 605 3068 Caetera,
630 3004 740 3072 quaein
757 3002 863 3057 Lexicis
880 3004 975 3058 nostrie
991 3020 1042 3055 non
1059 3008 1161 3069 extant,
1185 3022 1201 3055 e
1219 3002 1328 3055 Glossa-

263 3074 310 3127 riis
332 3081 417 3128 smnta
439 3081 513 3140 sunt3
541 3075 610 3126 unde
631 3073 710 3126 etiam
735 3075 801 3127 haee
827 3087 953 3161 apponam
976 3070 1148 3146 Εὐτράπελος
1171 3089 1328 3135 scurrus,

258 3144 469 3209 ,tolubernsm
501 3149 529 3195 et
553 3144 755 3197 Toluberna
779 3161 941 3216 παρασιτος,
965 3144 1044 3213 idque
1071 3160 1162 3196 nomen
1184 3143 1262 3196 tertio
1287 3158 1330 3193 re-

264 3216 346 3276 currit
363 3234 384 3266 s.
402 3210 569 3284 Παράσιτος,
594 3212 663 3281 quod
680 3215 768 3268 obstat
784 3232 816 3267 ne
834 3215 861 3266 in
879 3215 1028 3285 Gotnberna
1045 3219 1171 3279 mutetur,
1196 3215 1263 3266 siout
1279 3213 1329 3265 Se-

265 3300 345 3404 verrist
359 3303 402 3404 ag.
419 3284 550 3404 Lamclrrid.
569 3284 752 3405 9·l⁶}·t¹¹¹¹¹¹¹¹¹
770 3302 785 3337 c
802 3285 897 3338 soumis
916 3286 941 3340 b.
960 3303 983 3336 e.
1008 3285 1164 3340 satellitibus
1189 3282 1329 3337 honorifice

265 3371 327 3407 con
350 3372 368 3405 n
402 3369 480 3404 etna
503 3372 548 3405 ern
572 3370 679 3407 sana.
1080 3385 1082 3388 -

335 3421 380 3492 [11]
411 3441 436 3474 v.
453 3424 565 3476 Reimar.
583 3424 617 3475 ad
634 3425 711 3477 Dion.
730 3423 804 3476 Cass.
821 3422 881 3477 Lib.
904 3424 937 3477 L.
959 3424 1002 3478 26.
1027 3420 1088 3478 624.
1123 3423 1203 3478 Haud
1224 3422 1329 3475 inficete

265 3495 288 3548 1.
305 3493 339 3546 de
355 3494 440 3545 lanus
456 3494 484 3545 in
502 3493 636 3545 Catholioo
654 3509 770 3546 scurram
786 3494 881 3547 dictum
899 3495 978 3558 dicit,
996 3495 1065 3563 quod
1081 3495 1178 3554 curiam
1196 3499 1328 3561 sequatur.

265 3569 289 3618 Α
317 3564 491 3633 sequendo
524 3562 591 3615 alii
619 3562 768 3616 sculnam
797 3565 869 3616 dici
896 3565 1116 3628 existimant,
1155 3581 1247 3631 quern
1277 3563 1330 3630 qni

266 3634 468 3703 elegantius
491 3632 679 3702 loquuntur
702 3642 909 3703 sequestrem
925 3635 1103 3705 appellant
1120 3634 1191 3687 Gall.
1208 3632 1267 3688 XX.
1285 3633 1329 3684 ll.

312 3771 319 3789 Ι
336 3706 380 3775 [⁰]
412 3704 524 3788 Glossae
540 3699 664 3774 Κύπρος,
683 3703 800 3777 δεῖγμα,
815 3722 929 3791 scaena
946 3739 981 3748 -
994 3707 1125 3789 Scama
1137 3700 1210 3790 ‘de
1233 3723 1260 3770 o,
1279 3721 1329 3755 κο-

266 3776 536 3900 mittenti
553 3777 923 3914 ,uiitttitttjtin
940 3774 1239 3914 {tutilinam
1260 3811 1329 3895 cni

267 3916 358 4037 hum
383 3917 433 4037 idta
450 3924 595 3970 vocatur
613 3916 774 3972 indicium
790 3913 923 3989 (δεῖγμα)
941 3935 991 3987 quo
1009 3917 1112 3974 balluca
1129 3932 1231 3986 quoque
1247 3913 1329 3981 signi

287 3997 341 4038 can
360 3986 385 4037 vi
403 3993 468 4039 etur.
