2925 4684
545 249 818 308 onrn1cn
1140 233 1218 312 007

144 416 318 513 rotam[⁶]
333 422 373 487 et
387 409 605 504 vertiginem
614 401 661 509 [Ἴ
681 406 1016 505 repraesentabant,
1031 431 1147 508 coque
1159 436 1216 486 re·

143 559 246 633 gem,
280 546 324 608 ut
343 532 586 606 Pinlostratus
604 529 676 616 ait,
706 526 1083 603 commonefaciebant
1102 532 1145 609 τὸ
1165 535 1219 633 μὴ

145 656 241 758 ὑπὲρ
266 650 494 755 οἶνθρῶπονς
514 652 707 749 αἴρεσθαι,
730 646 772 721 id
789 646 890 746 quod
905 648 1105 724 Scsmtridi
1122 673 1216 726 unus

146 787 308 875 quatuor
332 772 559 868 regulorum,
586 790 680 866 qnos
700 789 771 865 pro
790 770 969 864 jumentis
989 775 1111 846 currui
1133 774 1219 848 sub·

117 923 120 938 ·
144 898 295 992 junctos
313 892 471 967 babebat
496 888 626 990 (Diod.
649 890 679 961 l.
706 885 783 983 58.)
810 891 851 962 in
876 893 1042 965 minam
1068 916 1219 969 revoca·

150 1017 210 1091 vit
253 1025 417 1088 rotarum
467 1011 789 1087 circumactionem
836 1014 1011 1085 attentius
1059 1027 1220 1089 contem·

148 1135 304 1234 plaudo:
329 1142 454 1236 τροχῷ
478 1132 552 1237 γὰρ
579 1131 785 1232 καλεομένῳ
809 1130 857 1207 τὰ
884 1130 1106 1234 ἀνθρώπεια
1127 1139 1220 1213 ἔοικε

148 1253 321 1329 Menand.
346 1253 445 1328 Hist.
471 1275 508 1350 p.
537 1250 621 1328 138.
647 1246 759 1348 C.[⁰].
810 1247 921 1338 Quod
946 1265 1070 1327 antem
1096 1256 1221 1329 circuli

148 1376 206 1449 illi
239 1375 373 1469 magici
404 1374 500 1467 regis
535 1370 651 1444 oculis
691 1367 848 1444 eandem
878 1373 1075 1469 imaginem
1108 1375 1222 1471 subji-

151 1494 318 1584 ciebant,
344 1514 504 1589 eumque
529 1487 735 1564 modestiae
760 1493 866 1587 quasi
891 1491 1070 1569 divinitus
1092 1494 1221 1568 admo·

150 1613 308 1703 nebant,
344 1625 543 1711 propterca
575 1618 742 1713 γλῶσσαι
774 1614 879 1689 θεῶν
911 1611 1222 1704 vocabanto13in

152 1756 227 1832 quo
264 1755 391 1806 rursus
425 1743 524 1803 errat
556 1728 745 1817 Oicarius,
774 1724 1058 1806 ‘Chaldaeorum
1090 1733 1222 1829 Iynges
1357 1733 1369 1768 ³

155 1875 368 1949 suggerens,
396 1871 490 1950 quae
515 1849 607 1929 nihil
633 1846 736 1921 aliud
762 1859 848 1921 sunt
873 1872 982 1947 quam
1008 1852 1116 1926 ideae
1139 1854 1223 1928 Pla·

156 1976 299 2048 tonicae
323 1993 498 2071 perverse
523 1982 705 2068 acceptae.
748 1968 940 2045 Postremo
965 1993 1013 2045 ne
1038 1972 1137 2070 quod
1161 1994 1223 2047 ne-

84 2114 89 2125 ·
154 2095 336 2190 gligamus
377 2092 601 2189 quaestionis
638 2092 918 2165 obscurissimae
957 2090 1223 2187 adiumentum,

154 2225 261 2288 rotae
293 2212 414 2286 simile
438 2210 649 2306 symbolum
677 2211 857 2284 scalarum
883 2212 964 2285 loco
990 2234 1095 2285 sacro
1121 2213 1225 2288 dedi-

157 2346 279 2407 catum
299 2341 481 2407 memorat
505 2330 682 2405 Aelianus
708 2331 753 2403 V.
767 2330 828 2432 H.
853 2331 900 2404 Π.
926 2332 986 2405 29.
1022 2331 1223 2425 Πίττακος,

157 2460 198 2534 ἐν
230 2450 431 2551 Μιτυλήνῃ
463 2451 704 2531 κατεσκεύασε
736 2460 814 2539 τοῖς
846 2454 957 2555 ἱεροῖς
987 2452 1147 2556 κλίμακα
1173 2461 1224 2542 εἰς

159 2573 339 2675 οὐδεμίαν
379 2571 450 2672 μὲν
470 2582 622 2674 Ιχρῆσιν
653 2571 877 2671 ἐπιτήδειον,
911 2574 1003 2651 αὐτὰ
1037 2574 1080 2651 δὲ
1112 2586 1224 2655 τοῦτο

159 2693 342 2795 ἀνάθημα
377 2691 492 2781 εἶναι,
528 2690 780 2794 αἰνιττόμενος
811 2694 880 2770 ταν
905 2699 945 2769 ἐκ
968 2696 1138 2791 τῆςᾶναι
1163 2698 1227 2773 καὶ
1359 2734 1365 2745 ·

160 2810 262 2891 καίτοι
285 2809 531 2914 μετάπτωσιν·
560 2811 767 2908 quusmodi
792 2812 907 2886 scalas
933 2813 1120 2886 Passerius
1136 2814 1225 2888 Pict.

159 2935 301 3007 Etrusc.
328 2931 370 3004 Τ.
396 2931 424 3003 Ι.
449 2955 487 3029 p.
511 2934 548 3004 7.
573 2935 615 3005 in
639 2930 806 3029 pluribus
832 2933 933 3006 vasis
956 2953 1146 3029 expressas
1159 2958 1227 3032 pu-

160 3063 235 3143 tat,
268 3052 515 3149 fortunamque
538 3032 752 3145 scaligerum
777 3050 981 3124 Fortunam
1011 3053 1228 3152 interpreta-

163 3179 233 3247 tur.
259 3170 426 3245 Eandem
447 3173 601 3268 figuram
619 3172 658 3244 in
674 3168 897 3245 Tischbcinii
923 3172 1118 3271 sculpturis
1142 3176 1229 3273 plus

161 3287 277 3367 semei
311 3291 476 3366 exiriberi
508 3302 546 3363 ct
578 3290 625 3364 ab
657 3288 919 3389 interpretibus
951 3292 1000 3364 ad
1035 3273 1228 3388 mysterioss

85 3437 87 3442 ’
161 3435 244 3485 rum
278 3410 411 3506 gradus
442 3411 590 3506 referri,
622 3414 662 3485 in
694 3410 1003 3511 Ephemeridibus
1044 3416 1228 3512 Goetting.

233 3573 361 3703 Uere.
381 3633 542 3690 ren
543 3633 600 3687 x

234 3724 272 3798 [¹¹]
297 3731 393 3783 Amo·
416 3728 548 3786 Parentol·
570 3728 656 3799 XXII·
673 3746 699 3799 p
716 3731 759 3783 81
790 3732 974 3805 Τροχηλασίην
959 3734 1128 3804 νπανιοίην
1151 3746 1184 3781 vo
1169 3733 1229 3782 occt

168 3796 340 3868 Hippocrates
357 3800 408 3870 up.
428 3799 461 3852 ad
478 3799 587 3869 Damag.
605 3817 631 3870 p.
648 3798 709 3852 922.
725 3801 802 3855 lind.

239 3893 276 3964 [θ]
301 3896 374 3949 Idem
391 3895 424 3948 de
440 3894 527 3948 multia
544 3894 603 3948 aliis
620 3900 766 3961 nonatum,
792 3914 809 3949 a
832 3897 965 3950 Constant
988 3894 1149 3964 Porphyro.
1174 3896 1228 3948 nd-

169 3981 192 4016 m
193 3980 278 4034 onp
295 3966 337 4018 89.
355 3966 387 4018 Β.
412 3965 471 4018 The
456 3967 540 4035 eycpb
541 3965 609 4018 lacto
626 3965 695 4020 unt.
706 3964 813 4019 vnn.
832 3966 872 4019 16.
905 3962 1054 4034 Nicephoro
1071 3972 1100 4019 ct
1140 3981 1228 4029 onan,

169 4051 234 4101 quoe
251 4036 317 4088 citat
334 4036 476 4089 Gaiaeker.
495 4035 604 4108 Miscell.
621 4034 667 4091 lx.
686 4036 719 4089 ad
737 4038 829 4091 Aaron
844 4035 890 4099 27,
906 4036 966 4090 257.
