2925 4684
428 283 431 290 .
520 201 802 298 orsurus
1093 228 1192 308 lues

115 403 365 500 suspicionem
394 376 475 472 'nun
505 395 696 494 annalium
730 395 822 488 tide,
854 365 930 502 sed)
955 371 1190 502 Geminorum

84 529 86 534 ‘
115 522 339 600 estimoniis
362 520 451 600 niu
501 516 546 589 ld
569 538 681 607 veru,
714 539 831 618 ⁴(lun-111
857 542 969 622 super
993 523 1052 624 his
1076 525 1190 626 rebus

114 651 464 742 commentaremur,
495 659 729 736 nequaquam
762 638 870 714 obliti
893 663 1188 756 sumtuqueque

113 761 201 840 huic
228 760 471 865 'fundamento
504 756 708 858 quidquam
743 760 904 858 amplius
931 763 1188 866 inaedificsoi.
1305 789 1317 810 =

112 904 218 986 mus,
244 881 312 958 sed
336 880 554 978 simpliciter
578 880 677 953 iuter
701 900 805 954 sacra
831 879 878 954 ab
898 881 1188 986 Atheniensibus

112 1004 339 1080 extrinsecus
367 1011 534 1076 assumta
567 996 736 1105 Cutyttia
766 975 978 1095 retulimus,
1012 1027 1089 1082 uun
1121 1007 1186 1081 ad-

111 1125 252 1222 scriptu
278 1121 420 1200 Comici
446 1122 627 1209 nemine,
640 1123 729 1224 quia
756 1122 927 1198 omnibus
946 1138 1096 1228 nouum
1104 1149 1187 1226 esse

111 1244 283 1344 sciebam.
334 1223 435 1322 Nam
459 1242 507 1346 de
531 1240 765 1346 Eupolideae
794 1233 947 1348 fabulae
969 1257 1187 1346 augumento

107 1354 206 1464 fquae
238 1367 362 1442 afferri
399 1339 576 1466 possunt,
616 1361 701 1458 jam
742 1333 884 1468 dudum
922 1387 948 1438 a
988 1365 1189 1458 Politianu,

19 1508 21 1514 ·
112 1486 281 1581 Erasmn,
305 1487 505 1581 scaligero,
523 1483 729 1577 lessiugiu,
755 1493 792 1554 et
814 1463 1047 1586 aluvpnalis
1071 1490 1185 1588 inter·

111 1608 285 1708 pretibus
303 1620 396 1684 tam
394 1605 603 1716 diligenter
628 1601 781 1676 collecta
801 1616 899 1693 suut,
926 1619 1101 1719 utusque
1118 1629 1189 1708 egq

112 1728 368 1802 testimenium
394 1725 511 1798 ullum
537 1722 584 1796 ab
610 1722 686 1794 illis
719 1726 1021 1828 praetermissum
1047 1710 1185 1802 addere
1304 1808 1311 1820 .

111 1846 321 1944 potuerim,
344 1866 463 1942 neque
488 1839 562 1918 viri
588 1840 705 1932 docti,
739 1844 802 1940 qui
827 1857 916 1942 post
939 1869 1012 1948 me
1026 1846 1186 1948 eundem

112 1977 317 2041 tractarunt
332 1958 468 2054 locum,
488 1964 675 2051 Struvius,
691 1941 953 2060 Buttmaunus,
964 1939 1206 2068 Meinelr'tuo
1325 1997 1329 2006 ,

214 2083 345 2192 Cetera
378 2107 473 2186 quae
500 2086 573 2188 huc
596 2086 821 2186 pertinent
808 2109 850 2158 m
875 2100 1087 2196 transpursu
1111 2087 1187 2174 dici

112 2219 334 2308 possunt
320 2183 619 2288 Ruttmarrnus
607 2227 647 2278 ru
672 2204 773 2278 Dius.
807 2206 854 2279 de
879 2209 1009 2310 Baptis
1044 2185 1103 2294 ιιι
1099 2203 1186 2282 Co

114 2332 234 2425 tyttiis
259 2349 401 2404 novam
427 2325 710 2430 conjecturem
698 2351 738 2402 ru
754 2303 929 2404 medium
947 2329 1090 2432 attulit,
1109 2329 1186 2404 Eu

111 2451 219 2548 polin
245 2445 596 2553 contererentur
623 2468 700 2552 nun
727 2445 880 2543 Cotyttu
911 2449 980 2526 sed
1014 2445 1187 2523 Cererem

111 2571 336 2665 significasse
360 2568 609 2672 Eleusiniam,
646 2569 693 2643 ab
719 2567 914 2646 Alcibiade
937 2541 1186 2672 profanatam,

113 2700 269 2786 tutaque
299 2689 368 2764 hac
399 2687 529 2761 fabula
560 2688 676 2766 nihil
690 2689 793 2762 aliud
827 2692 963 2788 egisse,
1000 2713 1136 2792 quem
1135 2703 1187 2764 ut

111 2807 326 2905 improbum
363 2785 459 2881 illud
491 2809 701 2900 Polytiunis
737 2812 958 2886 convivium
981 2809 1186 2894 derideret

111 2929 174 3004 De
199 2950 310 3002 causa
333 2929 419 3026 ipsa
443 2950 539 3025 quae
565 2940 710 3003 veteres
736 2928 998 3025 prodiderunt,
1026 2929 1132 3001 ιιι.
1158 2929 1186 2999 ι

92 3048 155 3149 ..ξ
171 3052 208 3123 7.
234 3048 428 3147 exposui,
446 3046 551 3121 unde
575 3059 680 3143 patet
710 3049 880 3121 hemines
912 3041 1056 3146 aliquot
1079 3059 1186 3145 petu·
1295 3053 1298 3062 '

97 3170 291 3269 ,lautiores
323 3170 473 3260 fecisse,
509 3165 610 3265 quod
641 3166 704 3241 vel
736 3169 896 3246 nostris
907 3169 1039 3242 seculis
1072 3169 1185 3242 inter
1274 3157 1281 3169 ⁴

102 3265 203 3374 vdum
229 3292 328 3363 inter
353 3293 443 3364 vina
465 3290 604 3362 sectum
631 3300 705 3379 est,
736 3291 999 3382 mysteriorum
1024 3291 1118 3374 ritus
1143 3301 1187 3363 ut

92 3394 413 3484 'imitarenturet
437 3409 673 3483 sacerdotum
699 3409 869 3500 habitus,
900 3403 1043 3506 gestus,
1072 3432 1185 3485 voces

112 3527 271 3603 ridiculo
304 3529 418 3604 modu
453 3528 673 3624 effingerent
723 3531 783 3604 Ex
817 3532 889 3606 boc
919 3521 1011 3612 veru
1048 3533 1185 3608 extem-

112 3650 236 3747 porali
260 3649 370 3740 ludu,
399 3653 464 3749 qui
489 3652 557 3725 vix
581 3673 649 3748 per
674 3650 804 3723 huram
831 3662 1082 3748 spectatorum
1107 3649 1185 3721 ani-

112 3790 198 3843 mos
222 3772 360 3861 tenuit,
394 3771 442 3843 ab
469 3770 552 3843 aliis
577 3771 703 3864 nugis,
736 3782 779 3842 ut
809 3773 868 3861 fit,
904 3773 952 3846 ad
985 3774 1077 3848 alias
1110 3779 1184 3839 tra·

106 3890 262 3983 ductus,
289 3915 363 3990 quo
390 3889 503 3964 modu
528 3890 657 3963 fabula
682 3912 814 3962 scenae
839 3905 928 3990 apta
952 3893 1026 3968 scri
1050 3896 1185 3985 putue-

108 4015 180 4102 ιιι,
214 4036 283 4085 nec
308 4014 391 4109 ipse
417 4011 598 4110 explicuit
620 4011 885 4103 Ruttmannus,
917 4032 984 4082 nec
1015 4010 1186 4107 cuiquam
